TimeStamp,Flow_Count,Flow_Rate,Fluor_V,CHL,xMiss_V,Trans,RTP_Temp,TSG_Temp,TSG_Cond,Salinity
,Hz,mL/sec,mV,ug/L,mV,%,C,C,S/m,psu
2023-01-23 00:00:00.07, 14.9, 25.7, 53, 0.89, 3462, 73.7, 1.208, 2.709, 2.9978, 33.249
2023-01-23 00:00:30.07, 14.9, 25.6, 52, 0.86, 3447, 73.3, 1.239, 2.701, 2.9959, 33.233
2023-01-23 00:01:00.07, 14.9, 25.7, 53, 0.89, 3446, 73.3, 1.277, 2.694, 2.9943, 33.221
2023-01-23 00:01:30.07, 14.9, 25.6, 50, 0.82, 3444, 73.3, 1.307, 2.688, 2.9930, 33.211
2023-01-23 00:02:00.07, 14.9, 25.6, 48, 0.77, 3450, 73.4, 1.329, 2.684, 2.9920, 33.202
2023-01-23 00:02:30.07, 14.9, 25.7, 51, 0.84, 3418, 72.7, 1.338, 2.679, 2.9909, 33.195
2023-01-23 00:03:00.07, 14.9, 25.7, 53, 0.89, 3418, 72.7, 1.346, 2.675, 2.9900, 33.188
2023-01-23 00:03:30.07, 15.0, 25.8, 48, 0.77, 3437, 73.1, 1.353, 2.671, 2.9898, 33.189
2023-01-23 00:04:00.07, 14.9, 25.7, 50, 0.82, 3450, 73.4, 1.361, 2.675, 2.9911, 33.202
2023-01-23 00:04:30.07, 14.8, 25.5, 49, 0.79, 3484, 74.1, 1.364, 2.684, 2.9942, 33.230
2023-01-23 00:05:00.07, 14.7, 25.3, 51, 0.84, 3521, 74.9, 1.370, 2.699, 2.9984, 33.266
2023-01-23 00:05:30.07, 14.5, 25.0, 53, 0.89, 3545, 75.4, 1.378, 2.716, 3.0028, 33.301
2023-01-23 00:06:00.07, 14.7, 25.3, 50, 0.82, 3565, 75.9, 1.390, 2.734, 3.0066, 33.329
2023-01-23 00:06:30.07, 14.7, 25.3, 54, 0.91, 3582, 76.2, 1.395, 2.751, 3.0097, 33.349
2023-01-23 00:07:00.07, 14.9, 25.6, 56, 0.96, 3578, 76.1, 1.398, 2.765, 3.0120, 33.363
2023-01-23 00:07:30.07, 14.8, 25.6, 51, 0.84, 3591, 76.4, 1.394, 2.777, 3.0138, 33.373
2023-01-23 00:08:00.07, 14.9, 25.7, 52, 0.87, 3588, 76.3, 1.388, 2.785, 3.0151, 33.381
2023-01-23 00:08:30.07, 14.9, 25.7, 53, 0.89, 3574, 76.0, 1.380, 2.775, 3.0149, 33.389
2023-01-23 00:09:00.07, 14.4, 24.9, 50, 0.82, 3583, 76.2, 1.364, 2.752, 3.0136, 33.397
2023-01-23 00:09:30.07, 14.9, 25.7, 52, 0.87, 3597, 76.5, 1.357, 2.725, 3.0122, 33.408
2023-01-23 00:10:00.07, 14.7, 25.4, 50, 0.82, 3601, 76.6, 1.346, 2.718, 3.0124, 33.417
2023-01-23 00:10:30.07, 14.9, 25.7, 55, 0.94, 3610, 76.8, 1.333, 2.727, 3.0137, 33.424
2023-01-23 00:11:00.07, 14.8, 25.6, 54, 0.91, 3610, 76.8, 1.315, 2.750, 3.0158, 33.425
2023-01-23 00:11:30.07, 14.8, 25.6, 52, 0.87, 3602, 76.6, 1.291, 2.773, 3.0176, 33.423
2023-01-23 00:12:00.07, 14.9, 25.6, 56, 0.96, 3588, 76.3, 1.272, 2.791, 3.0186, 33.418
2023-01-23 00:12:30.07, 14.9, 25.7, 54, 0.92, 3545, 75.4, 1.259, 2.792, 3.0178, 33.407
2023-01-23 00:13:00.07, 14.8, 25.5, 51, 0.84, 3535, 75.2, 1.275, 2.774, 3.0152, 33.393
2023-01-23 00:13:30.07, 14.3, 24.6, 51, 0.84, 3534, 75.2, 1.218, 2.761, 3.0127, 33.376
2023-01-23 00:14:00.07, 14.7, 25.3, 53, 0.89, 3540, 75.3, 1.216, 2.757, 3.0113, 33.363
2023-01-23 00:14:30.07, 14.8, 25.5, 52, 0.86, 3529, 75.1, 1.216, 2.763, 3.0105, 33.347
2023-01-23 00:15:00.07, 14.7, 25.3, 54, 0.91, 3496, 74.4, 1.238, 2.768, 3.0095, 33.329
2023-01-23 00:15:30.07, 14.7, 25.3, 52, 0.87, 3454, 73.5, 1.258, 2.767, 3.0075, 33.307
2023-01-23 00:16:00.07, 14.8, 25.5, 53, 0.89, 3449, 73.4, 1.277, 2.762, 3.0050, 33.282
2023-01-23 00:16:30.07, 14.9, 25.6, 50, 0.80, 3400, 72.3, 1.289, 2.750, 3.0021, 33.259
2023-01-23 00:17:00.07, 14.4, 24.9, 50, 0.80, 3380, 71.9, 1.297, 2.706, 2.9967, 33.237
2023-01-23 00:17:30.07, 14.9, 25.7, 64, 1.16, 3376, 71.8, 1.315, 2.643, 2.9901, 33.221
2023-01-23 00:18:00.07, 15.0, 25.8, 55, 0.94, 3370, 71.7, 1.317, 2.609, 2.9864, 33.212
2023-01-23 00:18:30.07, 14.9, 25.7, 50, 0.80, 3388, 72.1, 1.323, 2.602, 2.9858, 33.212
2023-01-23 00:19:00.07, 14.9, 25.7, 64, 1.16, 3401, 72.4, 1.321, 2.602, 2.9871, 33.227
2023-01-23 00:19:30.07, 14.8, 25.5, 55, 0.94, 3410, 72.5, 1.324, 2.605, 2.9891, 33.249
2023-01-23 00:20:00.07, 14.7, 25.4, 57, 0.99, 3405, 72.4, 1.325, 2.619, 2.9917, 33.267
2023-01-23 00:20:30.07, 14.7, 25.4, 54, 0.92, 3412, 72.6, 1.329, 2.623, 2.9933, 33.281
2023-01-23 00:21:00.07, 14.8, 25.5, 52, 0.86, 3449, 73.4, 1.335, 2.626, 2.9945, 33.294
2023-01-23 00:21:30.07, 14.9, 25.7, 55, 0.94, 3458, 73.6, 1.346, 2.648, 2.9974, 33.306
2023-01-23 00:22:00.07, 14.9, 25.7, 50, 0.80, 3489, 74.2, 1.353, 2.678, 3.0006, 33.314
2023-01-23 00:22:30.07, 14.9, 25.7, 51, 0.84, 3479, 74.0, 1.360, 2.703, 3.0032, 33.321
2023-01-23 00:23:00.07, 14.9, 25.7, 61, 1.09, 3494, 74.3, 1.361, 2.722, 3.0053, 33.326
2023-01-23 00:23:30.07, 14.9, 25.7, 61, 1.09, 3498, 74.4, 1.368, 2.727, 3.0060, 33.329
2023-01-23 00:24:00.07, 14.9, 25.7, 52, 0.86, 3502, 74.5, 1.375, 2.716, 3.0054, 33.334
2023-01-23 00:24:30.07, 14.9, 25.7, 52, 0.87, 3530, 75.1, 1.380, 2.705, 3.0048, 33.338
2023-01-23 00:25:00.07, 14.9, 25.7, 61, 1.08, 3536, 75.2, 1.385, 2.708, 3.0057, 33.345
2023-01-23 00:25:30.07, 14.9, 25.7, 54, 0.91, 3540, 75.3, 1.393, 2.725, 3.0078, 33.354
2023-01-23 00:26:00.07, 14.9, 25.6, 51, 0.84, 3555, 75.6, 1.401, 2.745, 3.0102, 33.361
2023-01-23 00:26:30.07, 14.9, 25.7, 52, 0.86, 3561, 75.8, 1.400, 2.765, 3.0124, 33.368
2023-01-23 00:27:00.07, 14.9, 25.7, 54, 0.91, 3575, 76.1, 1.393, 2.783, 3.0143, 33.373
2023-01-23 00:27:30.07, 15.0, 25.8, 50, 0.80, 3570, 75.9, 1.389, 2.797, 3.0160, 33.378
2023-01-23 00:28:00.07, 15.0, 25.8, 54, 0.91, 3580, 76.2, 1.379, 2.807, 3.0173, 33.385
2023-01-23 00:28:30.07, 14.9, 25.7, 63, 1.14, 3576, 76.1, 1.364, 2.815, 3.0189, 33.397
2023-01-23 00:29:00.07, 14.6, 25.2, 58, 1.01, 3584, 76.2, 1.333, 2.822, 3.0200, 33.403
2023-01-23 00:29:30.07, 14.9, 25.7, 52, 0.86, 3571, 76.0, 1.313, 2.826, 3.0210, 33.410
2023-01-23 00:30:00.07, 15.0, 25.9, 57, 0.99, 3587, 76.3, 1.289, 2.833, 3.0222, 33.417
2023-01-23 00:30:30.07, 14.9, 25.7, 54, 0.91, 3581, 76.2, 1.262, 2.838, 3.0228, 33.420
2023-01-23 00:31:00.07, 14.9, 25.7, 65, 1.19, 3578, 76.1, 1.255, 2.841, 3.0228, 33.416
2023-01-23 00:31:30.07, 14.9, 25.6, 62, 1.11, 3571, 76.0, 1.248, 2.841, 3.0223, 33.410
2023-01-23 00:32:00.07, 14.9, 25.7, 54, 0.91, 3544, 75.4, 1.237, 2.839, 3.0212, 33.399
2023-01-23 00:32:30.07, 14.9, 25.7, 64, 1.16, 3511, 74.7, 1.228, 2.814, 3.0175, 33.380
2023-01-23 00:33:00.07, 14.9, 25.7, 50, 0.80, 3472, 73.9, 1.222, 2.785, 3.0131, 33.356
2023-01-23 00:33:30.07, 14.9, 25.7, 55, 0.94, 3475, 73.9, 1.221, 2.772, 3.0097, 33.329
2023-01-23 00:34:00.07, 15.0, 25.8, 53, 0.89, 3454, 73.5, 1.221, 2.763, 3.0068, 33.302
2023-01-23 00:34:30.07, 15.0, 25.8, 57, 0.99, 3462, 73.6, 1.232, 2.754, 3.0041, 33.278
2023-01-23 00:35:00.07, 14.9, 25.7, 52, 0.86, 3447, 73.3, 1.244, 2.745, 3.0020, 33.261
2023-01-23 00:35:30.07, 14.9, 25.7, 58, 1.01, 3446, 73.3, 1.259, 2.738, 3.0002, 33.248
2023-01-23 00:36:00.07, 14.9, 25.7, 52, 0.87, 3437, 73.1, 1.271, 2.729, 2.9986, 33.237
2023-01-23 00:36:30.07, 14.9, 25.7, 50, 0.80, 3443, 73.2, 1.279, 2.720, 2.9971, 33.227
2023-01-23 00:37:00.07, 15.0, 25.8, 55, 0.94, 3450, 73.4, 1.294, 2.713, 2.9959, 33.220
2023-01-23 00:37:30.07, 15.0, 25.9, 54, 0.91, 3459, 73.6, 1.315, 2.710, 2.9954, 33.216
2023-01-23 00:38:00.07, 14.9, 25.7, 61, 1.08, 3462, 73.7, 1.337, 2.708, 2.9953, 33.218
2023-01-23 00:38:30.07, 14.8, 25.5, 50, 0.82, 3455, 73.5, 1.361, 2.708, 2.9959, 33.225
2023-01-23 00:39:00.07, 14.8, 25.5, 51, 0.84, 3466, 73.7, 1.380, 2.711, 2.9971, 33.237
2023-01-23 00:39:30.07, 14.9, 25.7, 54, 0.92, 3477, 74.0, 1.398, 2.714, 2.9985, 33.251
2023-01-23 00:40:00.07, 14.9, 25.7, 52, 0.86, 3484, 74.1, 1.413, 2.721, 3.0002, 33.265
2023-01-23 00:40:30.07, 15.0, 25.8, 51, 0.84, 3503, 74.5, 1.421, 2.728, 3.0019, 33.278
2023-01-23 00:41:00.07, 14.9, 25.7, 52, 0.87, 3528, 75.1, 1.425, 2.736, 3.0039, 33.295
2023-01-23 00:41:30.07, 14.2, 24.5, 59, 1.03, 3545, 75.4, 1.421, 2.746, 3.0066, 33.317
2023-01-23 00:42:00.07, 15.0, 25.9, 54, 0.91, 3549, 75.5, 1.436, 2.747, 3.0087, 33.342
2023-01-23 00:42:30.07, 15.0, 25.8, 55, 0.94, 3587, 76.3, 1.438, 2.739, 3.0102, 33.368
2023-01-23 00:43:00.07, 15.0, 25.9, 51, 0.84, 3586, 76.3, 1.437, 2.736, 3.0118, 33.392
2023-01-23 00:43:30.07, 14.9, 25.7, 68, 1.26, 3619, 77.0, 1.437, 2.749, 3.0145, 33.411
2023-01-23 00:44:00.07, 15.0, 25.8, 56, 0.96, 3625, 77.1, 1.436, 2.774, 3.0173, 33.419
2023-01-23 00:44:30.07, 14.9, 25.7, 56, 0.97, 3598, 76.6, 1.439, 2.799, 3.0211, 33.439
2023-01-23 00:45:00.07, 15.0, 25.8, 54, 0.91, 3575, 76.1, 1.436, 2.799, 3.0217, 33.446
2023-01-23 00:45:30.07, 14.9, 25.7, 54, 0.92, 3584, 76.2, 1.434, 2.781, 3.0205, 33.452
2023-01-23 00:46:00.07, 15.0, 25.9, 54, 0.91, 3594, 76.5, 1.435, 2.783, 3.0211, 33.457
2023-01-23 00:46:30.07, 15.0, 25.9, 60, 1.06, 3595, 76.5, 1.434, 2.804, 3.0233, 33.460
2023-01-23 00:47:00.07, 15.0, 25.9, 56, 0.97, 3612, 76.9, 1.434, 2.827, 3.0253, 33.462
2023-01-23 00:47:30.07, 15.0, 25.8, 68, 1.26, 3597, 76.5, 1.433, 2.845, 3.0269, 33.462
2023-01-23 00:48:00.07, 15.0, 25.9, 55, 0.94, 3593, 76.4, 1.433, 2.857, 3.0280, 33.463
2023-01-23 00:48:30.07, 15.0, 25.9, 53, 0.89, 3594, 76.5, 1.433, 2.867, 3.0287, 33.462
2023-01-23 00:49:00.07, 14.9, 25.7, 55, 0.94, 3620, 77.0, 1.436, 2.873, 3.0292, 33.462
2023-01-23 00:49:30.07, 15.0, 25.8, 58, 1.01, 3643, 77.5, 1.439, 2.878, 3.0295, 33.461
2023-01-23 00:50:00.07, 14.9, 25.7, 69, 1.28, 3652, 77.7, 1.444, 2.882, 3.0299, 33.460
2023-01-23 00:50:30.07, 14.8, 25.5, 54, 0.92, 3650, 77.6, 1.443, 2.885, 3.0301, 33.460
2023-01-23 00:51:00.07, 14.0, 24.1, 59, 1.04, 3594, 76.5, 1.442, 2.886, 3.0302, 33.460
2023-01-23 00:51:30.07, 14.8, 25.5, 56, 0.96, 3642, 77.5, 1.454, 2.886, 3.0302, 33.460
2023-01-23 00:52:00.07, 14.9, 25.7, 54, 0.91, 3640, 77.4, 1.456, 2.889, 3.0304, 33.459
2023-01-23 00:52:30.07, 15.0, 25.9, 54, 0.91, 3643, 77.5, 1.452, 2.892, 3.0306, 33.458
2023-01-23 00:53:00.07, 14.9, 25.7, 59, 1.03, 3629, 77.2, 1.452, 2.892, 3.0308, 33.460
2023-01-23 00:53:30.07, 15.0, 25.8, 56, 0.96, 3629, 77.2, 1.453, 2.891, 3.0309, 33.463
2023-01-23 00:54:00.07, 15.0, 25.8, 55, 0.94, 3593, 76.4, 1.451, 2.877, 3.0300, 33.467
2023-01-23 00:54:30.07, 14.9, 25.7, 58, 1.01, 3594, 76.5, 1.451, 2.823, 3.0257, 33.470
2023-01-23 00:55:00.07, 14.9, 25.7, 65, 1.19, 3607, 76.7, 1.457, 2.767, 3.0212, 33.474
2023-01-23 00:55:30.07, 14.9, 25.7, 59, 1.03, 3591, 76.4, 1.451, 2.762, 3.0210, 33.477
2023-01-23 00:56:00.07, 15.0, 25.9, 54, 0.92, 3601, 76.6, 1.453, 2.789, 3.0235, 33.478
2023-01-23 00:56:30.07, 15.0, 25.9, 55, 0.94, 3598, 76.5, 1.453, 2.821, 3.0261, 33.478
2023-01-23 00:57:00.07, 15.0, 25.9, 58, 1.01, 3602, 76.6, 1.453, 2.845, 3.0282, 33.479
2023-01-23 00:57:30.07, 15.0, 25.9, 56, 0.96, 3610, 76.8, 1.454, 2.860, 3.0295, 33.479
2023-01-23 00:58:00.07, 15.0, 25.9, 55, 0.94, 3637, 77.4, 1.451, 2.871, 3.0304, 33.479
2023-01-23 00:58:30.07, 15.0, 25.9, 54, 0.92, 3662, 77.9, 1.450, 2.877, 3.0310, 33.479
2023-01-23 00:59:00.07, 15.0, 25.9, 54, 0.91, 3670, 78.1, 1.450, 2.882, 3.0314, 33.479
2023-01-23 00:59:30.07, 15.0, 25.8, 55, 0.94, 3683, 78.4, 1.450, 2.887, 3.0319, 33.480
2023-01-23 01:00:00.07, 14.7, 25.3, 56, 0.96, 3683, 78.4, 1.456, 2.892, 3.0323, 33.480
2023-01-23 01:00:30.07, 14.9, 25.7, 56, 0.97, 3700, 78.7, 1.455, 2.895, 3.0325, 33.479
2023-01-23 01:01:00.07, 14.9, 25.6, 60, 1.06, 3692, 78.5, 1.448, 2.899, 3.0329, 33.480
2023-01-23 01:01:30.07, 14.8, 25.5, 59, 1.03, 3692, 78.5, 1.447, 2.900, 3.0331, 33.481
2023-01-23 01:02:00.07, 14.8, 25.6, 58, 1.01, 3700, 78.7, 1.452, 2.903, 3.0333, 33.480
2023-01-23 01:02:30.07, 14.9, 25.7, 55, 0.94, 3692, 78.5, 1.455, 2.906, 3.0334, 33.479
2023-01-23 01:03:00.07, 15.0, 25.9, 56, 0.96, 3683, 78.4, 1.459, 2.906, 3.0334, 33.478
2023-01-23 01:03:30.07, 15.0, 25.9, 53, 0.89, 3644, 77.5, 1.463, 2.897, 3.0326, 33.477
2023-01-23 01:04:00.07, 15.0, 25.8, 54, 0.91, 3670, 78.1, 1.464, 2.881, 3.0311, 33.477
2023-01-23 01:04:30.07, 15.0, 25.8, 66, 1.21, 3662, 77.9, 1.465, 2.882, 3.0312, 33.477
2023-01-23 01:05:00.07, 15.0, 25.9, 54, 0.91, 3664, 78.0, 1.465, 2.874, 3.0305, 33.477
2023-01-23 01:05:30.07, 15.0, 25.9, 57, 0.99, 3656, 77.8, 1.466, 2.852, 3.0290, 33.480
2023-01-23 01:06:00.07, 15.0, 25.9, 65, 1.19, 3666, 78.0, 1.469, 2.847, 3.0287, 33.482
2023-01-23 01:06:30.07, 15.0, 25.9, 54, 0.91, 3685, 78.4, 1.467, 2.856, 3.0297, 33.486
2023-01-23 01:07:00.07, 15.0, 25.8, 64, 1.16, 3673, 78.2, 1.464, 2.870, 3.0312, 33.488
2023-01-23 01:07:30.07, 15.0, 25.9, 54, 0.91, 3677, 78.2, 1.463, 2.882, 3.0324, 33.491
2023-01-23 01:08:00.07, 15.0, 25.8, 53, 0.89, 3693, 78.6, 1.461, 2.891, 3.0333, 33.493
2023-01-23 01:08:30.07, 15.0, 25.8, 54, 0.92, 3706, 78.9, 1.463, 2.896, 3.0339, 33.494
2023-01-23 01:09:00.07, 15.0, 25.9, 64, 1.16, 3705, 78.8, 1.459, 2.900, 3.0344, 33.496
2023-01-23 01:09:30.07, 15.0, 25.9, 55, 0.94, 3680, 78.3, 1.456, 2.905, 3.0348, 33.496
2023-01-23 01:10:00.07, 14.9, 25.6, 55, 0.94, 3704, 78.8, 1.458, 2.908, 3.0350, 33.496
2023-01-23 01:10:30.07, 14.8, 25.5, 54, 0.92, 3699, 78.7, 1.457, 2.907, 3.0349, 33.496
2023-01-23 01:11:00.07, 14.9, 25.7, 65, 1.18, 3698, 78.7, 1.463, 2.907, 3.0349, 33.495
2023-01-23 01:11:30.07, 15.0, 25.9, 65, 1.18, 3698, 78.7, 1.461, 2.909, 3.0349, 33.493
2023-01-23 01:12:00.07, 15.0, 25.9, 56, 0.97, 3681, 78.3, 1.466, 2.909, 3.0348, 33.492
2023-01-23 01:12:30.07, 15.0, 25.9, 57, 0.99, 3687, 78.5, 1.468, 2.910, 3.0347, 33.490
2023-01-23 01:13:00.07, 15.0, 25.9, 56, 0.97, 3696, 78.6, 1.465, 2.911, 3.0346, 33.488
2023-01-23 01:13:30.07, 15.0, 25.9, 57, 0.99, 3691, 78.5, 1.467, 2.909, 3.0344, 33.487
2023-01-23 01:14:00.07, 15.0, 25.9, 60, 1.06, 3675, 78.2, 1.469, 2.895, 3.0332, 33.487
2023-01-23 01:14:30.07, 15.0, 25.9, 55, 0.94, 3677, 78.2, 1.475, 2.872, 3.0313, 33.488
2023-01-23 01:15:00.07, 15.0, 25.8, 52, 0.87, 3701, 78.7, 1.479, 2.862, 3.0306, 33.490
2023-01-23 01:15:30.07, 15.1, 26.0, 51, 0.84, 3694, 78.6, 1.482, 2.870, 3.0314, 33.491
2023-01-23 01:16:00.07, 15.0, 25.9, 53, 0.89, 3685, 78.4, 1.488, 2.884, 3.0327, 33.493
2023-01-23 01:16:30.07, 14.8, 25.6, 63, 1.14, 3703, 78.8, 1.489, 2.896, 3.0339, 33.494
2023-01-23 01:17:00.07, 14.9, 25.7, 63, 1.14, 3694, 78.6, 1.498, 2.904, 3.0346, 33.495
2023-01-23 01:17:30.07, 15.0, 25.9, 54, 0.92, 3698, 78.7, 1.499, 2.910, 3.0352, 33.496
2023-01-23 01:18:00.07, 15.1, 26.0, 56, 0.97, 3715, 79.0, 1.503, 2.916, 3.0353, 33.492
2023-01-23 01:18:30.07, 15.0, 25.9, 55, 0.94, 3721, 79.2, 1.504, 2.920, 3.0365, 33.501
2023-01-23 01:19:00.07, 15.0, 25.9, 65, 1.18, 3719, 79.1, 1.502, 2.924, 3.0373, 33.506
2023-01-23 01:19:30.07, 15.1, 26.0, 61, 1.08, 3719, 79.1, 1.501, 2.927, 3.0379, 33.511
2023-01-23 01:20:00.07, 15.0, 25.9, 54, 0.92, 3717, 79.1, 1.502, 2.919, 3.0375, 33.515
2023-01-23 01:20:30.07, 15.1, 26.0, 51, 0.84, 3721, 79.2, 1.504, 2.898, 3.0360, 33.519
2023-01-23 01:21:00.07, 15.1, 26.0, 55, 0.94, 3723, 79.2, 1.497, 2.884, 3.0352, 33.523
2023-01-23 01:21:30.07, 15.1, 26.0, 57, 0.99, 3719, 79.1, 1.494, 2.890, 3.0360, 33.527
2023-01-23 01:22:00.07, 15.0, 25.9, 53, 0.89, 3734, 79.5, 1.494, 2.906, 3.0376, 33.529
2023-01-23 01:22:30.07, 15.0, 25.9, 56, 0.96, 3733, 79.4, 1.493, 2.918, 3.0388, 33.531
2023-01-23 01:23:00.07, 15.0, 25.8, 52, 0.87, 3728, 79.3, 1.514, 2.928, 3.0397, 33.531
2023-01-23 01:23:30.07, 14.8, 25.5, 63, 1.14, 3727, 79.3, 1.489, 2.933, 3.0400, 33.531
2023-01-23 01:24:00.07, 14.8, 25.5, 57, 0.99, 3725, 79.3, 1.489, 2.937, 3.0402, 33.529
2023-01-23 01:24:30.07, 15.0, 25.8, 57, 0.99, 3721, 79.2, 1.491, 2.938, 3.0402, 33.527
2023-01-23 01:25:00.07, 15.0, 25.9, 55, 0.94, 3719, 79.1, 1.492, 2.939, 3.0402, 33.526
2023-01-23 01:25:30.07, 15.0, 25.9, 58, 1.01, 3724, 79.2, 1.495, 2.940, 3.0401, 33.524
2023-01-23 01:26:00.07, 15.1, 26.0, 56, 0.97, 3742, 79.6, 1.494, 2.941, 3.0400, 33.522
2023-01-23 01:26:30.07, 15.1, 26.0, 56, 0.96, 3724, 79.2, 1.496, 2.941, 3.0399, 33.521
2023-01-23 01:27:00.07, 15.4, 26.6, 59, 1.04, 3735, 79.5, 1.494, 2.930, 3.0389, 33.520
2023-01-23 01:27:30.07, 15.5, 26.7, 62, 1.11, 3732, 79.4, 1.495, 2.907, 3.0369, 33.520
2023-01-23 01:28:00.07, 15.5, 26.7, 58, 1.01, 3736, 79.5, 1.495, 2.888, 3.0352, 33.520
2023-01-23 01:28:30.07, 15.5, 26.7, 52, 0.87, 3728, 79.3, 1.497, 2.887, 3.0352, 33.520
2023-01-23 01:29:00.07, 15.2, 26.2, 57, 0.99, 3738, 79.5, 1.497, 2.898, 3.0362, 33.521
2023-01-23 01:29:30.07, 14.9, 25.7, 54, 0.91, 3727, 79.3, 1.498, 2.912, 3.0374, 33.520
2023-01-23 01:30:00.07, 15.0, 25.8, 65, 1.18, 3732, 79.4, 1.500, 2.925, 3.0385, 33.521
2023-01-23 01:30:30.07, 14.9, 25.7, 55, 0.94, 3730, 79.4, 1.505, 2.933, 3.0392, 33.521
2023-01-23 01:31:00.07, 15.0, 25.9, 56, 0.97, 3726, 79.3, 1.503, 2.939, 3.0397, 33.521
2023-01-23 01:31:30.07, 14.9, 25.7, 54, 0.91, 3715, 79.1, 1.501, 2.942, 3.0400, 33.521
2023-01-23 01:32:00.07, 14.9, 25.7, 57, 0.99, 3726, 79.3, 1.502, 2.944, 3.0402, 33.521
2023-01-23 01:32:30.07, 15.0, 25.8, 65, 1.19, 3731, 79.4, 1.505, 2.945, 3.0403, 33.521
2023-01-23 01:33:00.07, 14.9, 25.7, 55, 0.94, 3730, 79.4, 1.510, 2.944, 3.0403, 33.522
2023-01-23 01:33:30.07, 14.9, 25.7, 57, 0.99, 3730, 79.4, 1.513, 2.945, 3.0404, 33.523
2023-01-23 01:34:00.07, 14.9, 25.7, 54, 0.92, 3726, 79.3, 1.512, 2.947, 3.0406, 33.524
2023-01-23 01:34:30.07, 14.8, 25.5, 56, 0.96, 3723, 79.2, 1.512, 2.948, 3.0408, 33.524
2023-01-23 01:35:00.07, 14.8, 25.5, 60, 1.06, 3716, 79.1, 1.512, 2.948, 3.0408, 33.525
2023-01-23 01:35:30.07, 14.8, 25.5, 56, 0.96, 3717, 79.1, 1.508, 2.947, 3.0408, 33.525
2023-01-23 01:36:00.07, 15.0, 25.8, 57, 0.99, 3736, 79.5, 1.510, 2.947, 3.0409, 33.527
2023-01-23 01:36:30.07, 14.9, 25.7, 65, 1.18, 3740, 79.6, 1.510, 2.948, 3.0411, 33.529
2023-01-23 01:37:00.07, 15.0, 25.8, 56, 0.96, 3724, 79.2, 1.508, 2.950, 3.0415, 33.532
2023-01-23 01:37:30.07, 15.0, 25.8, 54, 0.91, 3744, 79.7, 1.509, 2.952, 3.0419, 33.534
2023-01-23 01:38:00.07, 15.0, 25.8, 54, 0.91, 3738, 79.5, 1.507, 2.949, 3.0418, 33.535
2023-01-23 01:38:30.07, 14.8, 25.5, 56, 0.96, 3737, 79.5, 1.507, 2.933, 3.0405, 33.536
2023-01-23 01:39:00.07, 14.7, 25.4, 67, 1.23, 3735, 79.5, 1.508, 2.908, 3.0384, 33.537
2023-01-23 01:39:30.07, 14.5, 24.9, 55, 0.94, 3745, 79.7, 1.512, 2.893, 3.0370, 33.536
2023-01-23 01:40:00.07, 14.9, 25.7, 58, 1.02, 3746, 79.7, 1.522, 2.896, 3.0373, 33.536
2023-01-23 01:40:30.07, 14.9, 25.7, 56, 0.97, 3757, 79.9, 1.525, 2.911, 3.0384, 33.535
2023-01-23 01:41:00.07, 15.0, 25.8, 63, 1.14, 3759, 80.0, 1.524, 2.924, 3.0394, 33.533
2023-01-23 01:41:30.07, 15.0, 25.8, 57, 0.99, 3765, 80.1, 1.523, 2.935, 3.0401, 33.530
2023-01-23 01:42:00.07, 15.0, 25.8, 59, 1.04, 3737, 79.5, 1.522, 2.939, 3.0409, 33.535
2023-01-23 01:42:30.07, 15.0, 25.8, 57, 0.99, 3731, 79.4, 1.521, 2.927, 3.0399, 33.536
2023-01-23 01:43:00.07, 14.9, 25.7, 58, 1.01, 3722, 79.2, 1.524, 2.894, 3.0374, 33.539
2023-01-23 01:43:30.07, 14.3, 24.7, 54, 0.92, 3738, 79.5, 1.520, 2.874, 3.0361, 33.544
2023-01-23 01:44:00.07, 15.0, 25.9, 61, 1.08, 3740, 79.6, 1.521, 2.885, 3.0373, 33.548
2023-01-23 01:44:30.07, 15.0, 25.8, 63, 1.14, 3751, 79.8, 1.520, 2.906, 3.0393, 33.551
2023-01-23 01:45:00.07, 14.9, 25.7, 57, 0.99, 3746, 79.7, 1.514, 2.927, 3.0412, 33.552
2023-01-23 01:45:30.07, 14.8, 25.5, 56, 0.96, 3746, 79.7, 1.511, 2.941, 3.0425, 33.553
2023-01-23 01:46:00.07, 14.2, 24.4, 54, 0.92, 3723, 79.2, 1.513, 2.950, 3.0422, 33.540
2023-01-23 01:46:30.07, 14.8, 25.5, 55, 0.94, 3609, 76.8, 1.513, 2.949, 3.0430, 33.551
2023-01-23 01:47:00.07, 14.8, 25.6, 65, 1.19, 3580, 76.2, 1.515, 2.921, 3.0404, 33.548
2023-01-23 01:47:30.07, 14.8, 25.5, 60, 1.06, 3638, 77.4, 1.516, 2.898, 3.0384, 33.548
2023-01-23 01:48:00.07, 14.8, 25.5, 61, 1.08, 3660, 77.9, 1.516, 2.902, 3.0387, 33.548
2023-01-23 01:48:30.07, 14.8, 25.6, 63, 1.13, 3694, 78.6, 1.515, 2.915, 3.0397, 33.546
2023-01-23 01:49:00.07, 14.9, 25.7, 60, 1.06, 3709, 78.9, 1.516, 2.916, 3.0396, 33.544
2023-01-23 01:49:30.07, 14.9, 25.6, 65, 1.18, 3717, 79.1, 1.517, 2.901, 3.0383, 33.543
2023-01-23 01:50:00.07, 14.9, 25.7, 55, 0.94, 3723, 79.2, 1.519, 2.886, 3.0370, 33.544
2023-01-23 01:50:30.07, 14.9, 25.7, 60, 1.06, 3731, 79.4, 1.518, 2.888, 3.0372, 33.543
2023-01-23 01:51:00.07, 14.9, 25.7, 56, 0.97, 3758, 80.0, 1.523, 2.903, 3.0385, 33.544
2023-01-23 01:51:30.07, 14.9, 25.6, 65, 1.18, 3749, 79.8, 1.531, 2.917, 3.0397, 33.543
2023-01-23 01:52:00.07, 14.9, 25.7, 55, 0.94, 3762, 80.0, 1.539, 2.928, 3.0406, 33.543
2023-01-23 01:52:30.07, 14.9, 25.7, 56, 0.96, 3747, 79.7, 1.550, 2.937, 3.0413, 33.542
2023-01-23 01:53:00.07, 14.8, 25.5, 56, 0.96, 3763, 80.1, 1.559, 2.945, 3.0419, 33.541
2023-01-23 01:53:30.07, 14.8, 25.6, 56, 0.97, 3771, 80.2, 1.566, 2.949, 3.0423, 33.542
2023-01-23 01:54:00.07, 14.8, 25.6, 66, 1.21, 3763, 80.1, 1.570, 2.952, 3.0426, 33.543
2023-01-23 01:54:30.07, 14.8, 25.6, 56, 0.97, 3772, 80.2, 1.572, 2.955, 3.0430, 33.545
2023-01-23 01:55:00.07, 15.0, 25.8, 56, 0.96, 3772, 80.3, 1.564, 2.958, 3.0436, 33.548
2023-01-23 01:55:30.07, 15.0, 25.9, 58, 1.01, 3783, 80.5, 1.562, 2.964, 3.0446, 33.555
2023-01-23 01:56:00.07, 15.0, 25.8, 60, 1.06, 3780, 80.4, 1.554, 2.971, 3.0460, 33.564
2023-01-23 01:56:30.07, 15.0, 25.8, 59, 1.03, 3789, 80.6, 1.554, 2.981, 3.0477, 33.575
2023-01-23 01:57:00.07, 14.9, 25.7, 67, 1.23, 3788, 80.6, 1.553, 2.990, 3.0494, 33.586
2023-01-23 01:57:30.07, 14.9, 25.7, 54, 0.91, 3789, 80.6, 1.547, 2.999, 3.0507, 33.593
2023-01-23 01:58:00.07, 15.0, 25.8, 55, 0.94, 3795, 80.8, 1.545, 3.006, 3.0517, 33.597
2023-01-23 01:58:30.07, 14.9, 25.7, 56, 0.96, 3788, 80.6, 1.542, 3.011, 3.0522, 33.598
2023-01-23 01:59:00.07, 15.0, 25.8, 56, 0.97, 3782, 80.5, 1.536, 3.013, 3.0522, 33.596
2023-01-23 01:59:30.07, 15.0, 25.8, 53, 0.89, 3777, 80.4, 1.534, 3.013, 3.0518, 33.591
2023-01-23 02:00:00.07, 15.0, 25.9, 54, 0.91, 3770, 80.2, 1.530, 3.011, 3.0513, 33.586
2023-01-23 02:00:30.07, 15.0, 25.9, 52, 0.87, 3778, 80.4, 1.528, 3.012, 3.0510, 33.582
2023-01-23 02:01:00.07, 15.0, 25.9, 54, 0.92, 3776, 80.3, 1.524, 3.010, 3.0506, 33.579
2023-01-23 02:01:30.07, 15.0, 25.8, 65, 1.18, 3772, 80.2, 1.522, 3.006, 3.0499, 33.575
2023-01-23 02:02:00.07, 15.0, 25.8, 58, 1.01, 3770, 80.2, 1.518, 3.001, 3.0492, 33.571
2023-01-23 02:02:30.07, 15.0, 25.8, 54, 0.92, 3765, 80.1, 1.518, 2.998, 3.0485, 33.567
2023-01-23 02:03:00.07, 14.2, 24.5, 59, 1.04, 3765, 80.1, 1.509, 2.994, 3.0479, 33.562
2023-01-23 02:03:30.07, 15.0, 25.8, 56, 0.96, 3772, 80.3, 1.517, 2.990, 3.0472, 33.558
2023-01-23 02:04:00.07, 15.0, 25.8, 61, 1.09, 3769, 80.2, 1.515, 2.987, 3.0466, 33.554
2023-01-23 02:04:30.07, 15.0, 25.9, 56, 0.97, 3759, 80.0, 1.512, 2.985, 3.0461, 33.550
2023-01-23 02:05:00.07, 15.0, 25.9, 56, 0.97, 3765, 80.1, 1.510, 2.980, 3.0454, 33.548
2023-01-23 02:05:30.07, 14.6, 25.2, 63, 1.14, 3755, 79.9, 1.496, 2.977, 3.0450, 33.545
2023-01-23 02:06:00.07, 14.9, 25.7, 55, 0.94, 3715, 79.0, 1.515, 2.972, 3.0437, 33.534
2023-01-23 02:06:30.07, 15.0, 25.9, 56, 0.96, 3693, 78.6, 1.517, 2.942, 3.0413, 33.537
2023-01-23 02:07:00.07, 15.1, 26.0, 57, 0.99, 3708, 78.9, 1.519, 2.896, 3.0373, 33.536
2023-01-23 02:07:30.07, 15.0, 25.9, 58, 1.01, 3714, 79.0, 1.514, 2.888, 3.0367, 33.537
2023-01-23 02:08:00.07, 14.9, 25.6, 56, 0.96, 3710, 78.9, 1.513, 2.903, 3.0380, 33.537
2023-01-23 02:08:30.07, 14.8, 25.5, 62, 1.11, 3685, 78.4, 1.514, 2.918, 3.0392, 33.536
2023-01-23 02:09:00.07, 14.9, 25.6, 63, 1.14, 3656, 77.8, 1.515, 2.916, 3.0389, 33.535
2023-01-23 02:09:30.07, 14.7, 25.3, 58, 1.01, 3649, 77.6, 1.516, 2.889, 3.0366, 33.536
2023-01-23 02:10:00.07, 15.0, 25.9, 56, 0.97, 3674, 78.2, 1.516, 2.878, 3.0358, 33.537
2023-01-23 02:10:30.07, 15.0, 25.9, 54, 0.92, 3681, 78.3, 1.513, 2.894, 3.0373, 33.539
2023-01-23 02:11:00.07, 15.0, 25.8, 55, 0.94, 3704, 78.8, 1.511, 2.915, 3.0391, 33.539
2023-01-23 02:11:30.07, 15.0, 25.9, 58, 1.01, 3699, 78.7, 1.512, 2.927, 3.0402, 33.540
2023-01-23 02:12:00.07, 15.1, 26.0, 56, 0.97, 3681, 78.3, 1.511, 2.918, 3.0395, 33.539
2023-01-23 02:12:30.07, 15.0, 25.8, 58, 1.01, 3683, 78.4, 1.512, 2.898, 3.0377, 33.539
2023-01-23 02:13:00.07, 15.0, 25.9, 55, 0.94, 3695, 78.6, 1.513, 2.872, 3.0354, 33.538
2023-01-23 02:13:30.07, 15.0, 25.9, 54, 0.91, 3730, 79.4, 1.516, 2.868, 3.0350, 33.537
2023-01-23 02:14:00.07, 15.0, 25.9, 63, 1.14, 3721, 79.2, 1.519, 2.887, 3.0365, 33.537
2023-01-23 02:14:30.07, 15.1, 26.0, 57, 0.99, 3720, 79.2, 1.528, 2.909, 3.0384, 33.536
2023-01-23 02:15:00.07, 15.1, 26.0, 57, 0.99, 3687, 78.4, 1.539, 2.926, 3.0398, 33.535
2023-01-23 02:15:30.07, 15.0, 25.9, 54, 0.92, 3719, 79.1, 1.549, 2.937, 3.0407, 33.535
2023-01-23 02:16:00.07, 15.0, 25.8, 53, 0.89, 3716, 79.1, 1.567, 2.945, 3.0414, 33.535
2023-01-23 02:16:30.07, 14.6, 25.2, 59, 1.03, 3733, 79.4, 1.571, 2.949, 3.0418, 33.535
2023-01-23 02:17:00.07, 15.0, 25.9, 56, 0.96, 3735, 79.5, 1.581, 2.951, 3.0419, 33.535
2023-01-23 02:17:30.07, 15.0, 25.9, 55, 0.94, 3679, 78.3, 1.587, 2.953, 3.0422, 33.537
2023-01-23 02:18:00.07, 15.0, 25.9, 52, 0.87, 3748, 79.7, 1.586, 2.958, 3.0429, 33.540
2023-01-23 02:18:30.07, 15.0, 25.8, 62, 1.11, 3758, 80.0, 1.590, 2.962, 3.0440, 33.549
2023-01-23 02:19:00.07, 15.0, 25.8, 55, 0.94, 3744, 79.7, 1.591, 2.969, 3.0453, 33.558
2023-01-23 02:19:30.07, 15.0, 25.9, 54, 0.91, 3749, 79.8, 1.593, 2.970, 3.0463, 33.569
2023-01-23 02:20:00.07, 14.7, 25.3, 55, 0.94, 3750, 79.8, 1.592, 2.953, 3.0455, 33.576
2023-01-23 02:20:30.07, 15.0, 25.9, 54, 0.91, 3771, 80.2, 1.598, 2.944, 3.0459, 33.591
2023-01-23 02:21:00.07, 15.0, 25.9, 56, 0.96, 3762, 80.0, 1.600, 2.954, 3.0475, 33.601
2023-01-23 02:21:30.07, 15.0, 25.8, 54, 0.91, 3787, 80.6, 1.600, 2.973, 3.0498, 33.608
2023-01-23 02:22:00.07, 15.0, 25.8, 64, 1.16, 3780, 80.4, 1.595, 2.989, 3.0516, 33.614
2023-01-23 02:22:30.07, 14.9, 25.7, 54, 0.91, 3778, 80.4, 1.595, 3.002, 3.0528, 33.614
2023-01-23 02:23:00.07, 14.9, 25.7, 56, 0.97, 3779, 80.4, 1.592, 3.011, 3.0537, 33.616
2023-01-23 02:23:30.07, 14.9, 25.7, 57, 0.99, 3784, 80.5, 1.589, 3.008, 3.0535, 33.616
2023-01-23 02:24:00.07, 15.0, 25.8, 65, 1.18, 3778, 80.4, 1.591, 2.992, 3.0522, 33.618
2023-01-23 02:24:30.07, 14.9, 25.6, 54, 0.92, 3795, 80.7, 1.590, 2.988, 3.0521, 33.620
2023-01-23 02:25:00.07, 14.8, 25.6, 54, 0.91, 3794, 80.7, 1.589, 2.999, 3.0531, 33.621
2023-01-23 02:25:30.07, 14.8, 25.6, 54, 0.91, 3793, 80.7, 1.593, 3.011, 3.0541, 33.621
2023-01-23 02:26:00.07, 15.0, 25.8, 67, 1.23, 3781, 80.4, 1.593, 3.021, 3.0549, 33.620
2023-01-23 02:26:30.07, 14.3, 24.6, 63, 1.14, 3767, 80.2, 1.594, 3.030, 3.0556, 33.619
2023-01-23 02:27:00.07, 15.0, 25.8, 55, 0.94, 3778, 80.4, 1.599, 3.036, 3.0560, 33.617
2023-01-23 02:27:30.07, 15.0, 25.9, 59, 1.03, 3786, 80.6, 1.594, 3.040, 3.0563, 33.617
2023-01-23 02:28:00.07, 15.0, 25.9, 60, 1.06, 3800, 80.9, 1.592, 3.040, 3.0561, 33.615
2023-01-23 02:28:30.07, 14.9, 25.7, 53, 0.89, 3801, 80.9, 1.585, 3.023, 3.0547, 33.615
2023-01-23 02:29:00.07, 14.9, 25.7, 56, 0.97, 3787, 80.6, 1.587, 3.000, 3.0527, 33.616
2023-01-23 02:29:30.07, 15.0, 25.9, 52, 0.87, 3740, 79.6, 1.589, 2.980, 3.0511, 33.617
2023-01-23 02:30:00.07, 15.0, 25.9, 56, 0.96, 3742, 79.6, 1.590, 2.951, 3.0485, 33.616
2023-01-23 02:30:30.07, 15.0, 25.9, 62, 1.11, 3743, 79.6, 1.589, 2.935, 3.0475, 33.621
2023-01-23 02:31:00.07, 15.1, 26.0, 56, 0.96, 3748, 79.7, 1.588, 2.949, 3.0487, 33.620
2023-01-23 02:31:30.07, 15.0, 25.9, 52, 0.87, 3744, 79.7, 1.586, 2.974, 3.0508, 33.619
2023-01-23 02:32:00.07, 15.0, 25.9, 56, 0.97, 3734, 79.5, 1.580, 2.994, 3.0524, 33.617
2023-01-23 02:32:30.07, 15.0, 25.9, 55, 0.94, 3737, 79.5, 1.573, 3.008, 3.0533, 33.614
2023-01-23 02:33:00.07, 15.0, 25.8, 57, 0.99, 3738, 79.5, 1.570, 3.017, 3.0538, 33.611
2023-01-23 02:33:30.07, 15.0, 25.9, 60, 1.06, 3757, 79.9, 1.567, 3.024, 3.0546, 33.613
2023-01-23 02:34:00.07, 15.0, 25.9, 54, 0.92, 3789, 80.6, 1.569, 3.028, 3.0550, 33.614
2023-01-23 02:34:30.07, 15.0, 25.8, 65, 1.19, 3782, 80.5, 1.570, 3.030, 3.0552, 33.614
2023-01-23 02:35:00.07, 15.1, 26.0, 52, 0.87, 3795, 80.7, 1.572, 3.031, 3.0551, 33.612
2023-01-23 02:35:30.07, 15.1, 26.0, 54, 0.92, 3799, 80.8, 1.573, 3.031, 3.0548, 33.609
2023-01-23 02:36:00.07, 15.0, 25.9, 55, 0.94, 3783, 80.5, 1.577, 3.030, 3.0543, 33.604
2023-01-23 02:36:30.07, 15.1, 26.0, 63, 1.13, 3790, 80.6, 1.579, 3.027, 3.0536, 33.599
2023-01-23 02:37:00.07, 15.0, 25.9, 59, 1.04, 3784, 80.5, 1.583, 3.024, 3.0530, 33.594
2023-01-23 02:37:30.07, 15.0, 25.8, 53, 0.89, 3776, 80.3, 1.585, 3.023, 3.0527, 33.591
2023-01-23 02:38:00.07, 14.9, 25.7, 54, 0.91, 3796, 80.8, 1.590, 3.021, 3.0524, 33.590
2023-01-23 02:38:30.07, 15.0, 25.9, 66, 1.21, 3780, 80.4, 1.595, 3.021, 3.0524, 33.590
2023-01-23 02:39:00.07, 15.0, 25.8, 63, 1.13, 3791, 80.7, 1.596, 3.022, 3.0526, 33.592
2023-01-23 02:39:30.07, 15.0, 25.9, 55, 0.94, 3782, 80.5, 1.600, 3.024, 3.0530, 33.595
2023-01-23 02:40:00.07, 15.0, 25.9, 58, 1.01, 3794, 80.7, 1.603, 3.025, 3.0534, 33.598
2023-01-23 02:40:30.07, 15.1, 26.0, 55, 0.94, 3786, 80.5, 1.602, 3.026, 3.0537, 33.600
2023-01-23 02:41:00.07, 15.1, 26.0, 65, 1.19, 3801, 80.9, 1.603, 3.030, 3.0542, 33.603
2023-01-23 02:41:30.07, 15.1, 26.0, 56, 0.96, 3799, 80.8, 1.601, 3.033, 3.0549, 33.608
2023-01-23 02:42:00.07, 15.1, 26.0, 55, 0.94, 3804, 80.9, 1.599, 3.039, 3.0558, 33.612
2023-01-23 02:42:30.07, 15.1, 26.0, 59, 1.04, 3818, 81.2, 1.598, 3.046, 3.0566, 33.616
2023-01-23 02:43:00.07, 15.1, 26.0, 56, 0.97, 3808, 81.0, 1.592, 3.050, 3.0574, 33.620
2023-01-23 02:43:30.07, 15.1, 26.0, 57, 0.99, 3808, 81.0, 1.586, 3.053, 3.0578, 33.622
2023-01-23 02:44:00.07, 15.0, 25.9, 53, 0.89, 3814, 81.2, 1.585, 3.057, 3.0583, 33.624
2023-01-23 02:44:30.07, 15.1, 26.0, 60, 1.06, 3827, 81.4, 1.582, 3.059, 3.0586, 33.625
2023-01-23 02:45:00.07, 15.1, 26.0, 62, 1.11, 3723, 79.2, 1.579, 3.060, 3.0587, 33.626
2023-01-23 02:45:30.07, 14.9, 25.7, 56, 0.97, 3796, 80.8, 1.578, 3.060, 3.0586, 33.625
2023-01-23 02:46:00.07, 15.1, 26.0, 53, 0.89, 3808, 81.0, 1.577, 3.059, 3.0584, 33.624
2023-01-23 02:46:30.07, 15.1, 26.1, 67, 1.23, 3706, 78.9, 1.575, 3.058, 3.0582, 33.622
2023-01-23 02:47:00.07, 15.1, 26.0, 58, 1.01, 3795, 80.8, 1.571, 3.056, 3.0577, 33.619
2023-01-23 02:47:30.07, 15.1, 26.0, 54, 0.92, 3802, 80.9, 1.566, 3.052, 3.0570, 33.614
2023-01-23 02:48:00.07, 15.1, 26.1, 61, 1.08, 3801, 80.9, 1.566, 3.047, 3.0563, 33.610
2023-01-23 02:48:30.07, 15.1, 26.0, 56, 0.96, 3776, 80.3, 1.566, 3.044, 3.0557, 33.606
2023-01-23 02:49:00.07, 15.1, 26.0, 55, 0.94, 3778, 80.4, 1.565, 3.031, 3.0542, 33.602
2023-01-23 02:49:30.07, 15.1, 26.0, 55, 0.94, 3768, 80.2, 1.567, 3.020, 3.0530, 33.599
2023-01-23 02:50:00.07, 15.1, 26.1, 54, 0.92, 3773, 80.3, 1.564, 3.023, 3.0531, 33.596
2023-01-23 02:50:30.07, 15.1, 26.0, 56, 0.96, 3776, 80.3, 1.567, 3.025, 3.0531, 33.594
2023-01-23 02:51:00.07, 15.0, 25.9, 65, 1.18, 3774, 80.3, 1.572, 3.026, 3.0530, 33.592
2023-01-23 02:51:30.07, 15.1, 26.0, 62, 1.11, 3778, 80.4, 1.576, 3.024, 3.0527, 33.590
2023-01-23 02:52:00.07, 15.1, 26.0, 58, 1.01, 3776, 80.3, 1.579, 3.024, 3.0525, 33.588
2023-01-23 02:52:30.07, 15.1, 26.0, 56, 0.97, 3782, 80.5, 1.586, 3.021, 3.0522, 33.587
2023-01-23 02:53:00.07, 15.1, 26.0, 59, 1.03, 3792, 80.7, 1.596, 3.021, 3.0522, 33.587
2023-01-23 02:53:30.07, 15.1, 26.0, 59, 1.03, 3797, 80.8, 1.600, 3.020, 3.0521, 33.587
2023-01-23 02:54:00.07, 15.1, 26.0, 61, 1.09, 3791, 80.7, 1.605, 3.021, 3.0522, 33.587
2023-01-23 02:54:30.07, 15.1, 26.0, 59, 1.04, 3799, 80.8, 1.608, 3.023, 3.0524, 33.588
2023-01-23 02:55:00.07, 15.1, 26.1, 68, 1.26, 3800, 80.9, 1.609, 3.026, 3.0528, 33.590
2023-01-23 02:55:30.07, 15.1, 26.1, 58, 1.01, 3797, 80.8, 1.612, 3.029, 3.0533, 33.593
2023-01-23 02:56:00.07, 15.1, 26.1, 58, 1.01, 3799, 80.8, 1.617, 3.031, 3.0541, 33.600
2023-01-23 02:56:30.07, 15.2, 26.2, 56, 0.97, 3800, 80.9, 1.612, 3.037, 3.0552, 33.607
2023-01-23 02:57:00.07, 15.1, 26.1, 63, 1.13, 3814, 81.1, 1.613, 3.043, 3.0558, 33.609
2023-01-23 02:57:30.07, 15.1, 26.1, 59, 1.04, 3819, 81.3, 1.611, 3.049, 3.0574, 33.622
2023-01-23 02:58:00.07, 15.1, 26.0, 56, 0.96, 3821, 81.3, 1.618, 3.053, 3.0582, 33.627
2023-01-23 02:58:30.07, 15.1, 26.0, 55, 0.94, 3807, 81.0, 1.615, 3.056, 3.0588, 33.631
2023-01-23 02:59:00.07, 15.1, 26.1, 56, 0.96, 3808, 81.0, 1.613, 3.059, 3.0592, 33.633
2023-01-23 02:59:30.07, 15.1, 26.1, 60, 1.06, 3814, 81.1, 1.614, 3.061, 3.0596, 33.635
2023-01-23 03:00:00.07, 15.2, 26.1, 56, 0.97, 3811, 81.1, 1.612, 3.061, 3.0597, 33.636
2023-01-23 03:00:30.07, 15.2, 26.2, 65, 1.19, 3814, 81.2, 1.610, 3.060, 3.0596, 33.637
2023-01-23 03:01:00.07, 15.2, 26.1, 58, 1.01, 3817, 81.2, 1.606, 3.062, 3.0598, 33.637
2023-01-23 03:01:30.07, 15.1, 26.1, 56, 0.96, 3814, 81.1, 1.601, 3.063, 3.0599, 33.637
2023-01-23 03:02:00.07, 15.2, 26.1, 56, 0.97, 3822, 81.3, 1.599, 3.062, 3.0599, 33.638
2023-01-23 03:02:30.07, 15.1, 26.0, 54, 0.92, 3816, 81.2, 1.598, 3.060, 3.0598, 33.639
2023-01-23 03:03:00.07, 15.0, 25.9, 57, 0.99, 3798, 80.8, 1.597, 3.060, 3.0599, 33.640
2023-01-23 03:03:30.07, 15.1, 26.0, 57, 0.99, 3793, 80.7, 1.597, 3.060, 3.0596, 33.637
2023-01-23 03:04:00.07, 15.1, 26.0, 65, 1.19, 3791, 80.7, 1.595, 3.058, 3.0596, 33.640
2023-01-23 03:04:30.07, 15.1, 26.0, 56, 0.97, 3791, 80.7, 1.597, 3.056, 3.0594, 33.638
2023-01-23 03:05:00.07, 15.1, 26.0, 56, 0.97, 3784, 80.5, 1.599, 3.056, 3.0590, 33.633
2023-01-23 03:05:30.07, 15.1, 26.1, 54, 0.91, 3788, 80.6, 1.601, 3.054, 3.0585, 33.629
2023-01-23 03:06:00.07, 15.1, 26.1, 65, 1.19, 3795, 80.7, 1.602, 3.051, 3.0580, 33.626
2023-01-23 03:06:30.07, 15.1, 26.0, 56, 0.96, 3786, 80.6, 1.605, 3.050, 3.0577, 33.625
2023-01-23 03:07:00.07, 15.1, 26.0, 53, 0.89, 3798, 80.8, 1.608, 3.049, 3.0576, 33.624
2023-01-23 03:07:30.07, 15.1, 26.0, 64, 1.16, 3794, 80.7, 1.610, 3.049, 3.0575, 33.623
2023-01-23 03:08:00.07, 15.1, 26.0, 57, 0.99, 3770, 80.2, 1.613, 3.048, 3.0575, 33.623
2023-01-23 03:08:30.07, 15.1, 26.0, 57, 0.99, 3797, 80.8, 1.614, 3.050, 3.0577, 33.624
2023-01-23 03:09:00.07, 15.1, 26.0, 58, 1.01, 3814, 81.1, 1.615, 3.054, 3.0581, 33.625
2023-01-23 03:09:30.07, 15.1, 26.0, 56, 0.97, 3799, 80.8, 1.621, 3.055, 3.0584, 33.627
2023-01-23 03:10:00.07, 14.5, 24.9, 56, 0.96, 3803, 80.9, 1.617, 3.055, 3.0586, 33.630
2023-01-23 03:10:30.07, 15.1, 26.1, 59, 1.04, 3812, 81.1, 1.621, 3.057, 3.0590, 33.632
2023-01-23 03:11:00.07, 15.1, 26.0, 67, 1.25, 3810, 81.1, 1.616, 3.059, 3.0593, 33.634
2023-01-23 03:11:30.07, 15.1, 26.0, 55, 0.94, 3797, 80.8, 1.621, 3.060, 3.0596, 33.636
2023-01-23 03:12:00.07, 15.1, 26.1, 54, 0.92, 3811, 81.1, 1.612, 3.060, 3.0597, 33.638
2023-01-23 03:12:30.07, 15.1, 26.0, 60, 1.06, 3782, 80.5, 1.607, 3.059, 3.0598, 33.640
2023-01-23 03:13:00.07, 15.1, 26.0, 65, 1.18, 3730, 79.4, 1.602, 3.054, 3.0594, 33.641
2023-01-23 03:13:30.07, 15.1, 26.0, 58, 1.01, 3735, 79.5, 1.595, 3.020, 3.0566, 33.641
2023-01-23 03:14:00.07, 15.1, 26.1, 56, 0.96, 3755, 79.9, 1.591, 2.994, 3.0543, 33.642
2023-01-23 03:14:30.07, 15.1, 26.1, 58, 1.01, 3754, 79.9, 1.590, 2.997, 3.0547, 33.643
2023-01-23 03:15:00.07, 15.1, 26.0, 59, 1.03, 3753, 79.9, 1.586, 3.010, 3.0558, 33.643
2023-01-23 03:15:30.07, 15.1, 26.0, 67, 1.25, 3762, 80.0, 1.585, 3.024, 3.0569, 33.642
2023-01-23 03:16:00.07, 15.1, 26.1, 56, 0.96, 3735, 79.5, 1.581, 3.033, 3.0575, 33.640
2023-01-23 03:16:30.07, 15.1, 26.1, 56, 0.97, 3742, 79.6, 1.580, 3.039, 3.0577, 33.636
2023-01-23 03:17:00.07, 15.1, 26.1, 60, 1.06, 3766, 80.1, 1.577, 3.041, 3.0576, 33.632
2023-01-23 03:17:30.07, 15.1, 26.1, 56, 0.97, 3776, 80.3, 1.575, 3.041, 3.0572, 33.627
2023-01-23 03:18:00.07, 15.1, 26.1, 56, 0.97, 3799, 80.8, 1.570, 3.040, 3.0567, 33.622
2023-01-23 03:18:30.07, 15.1, 26.0, 64, 1.16, 3797, 80.8, 1.561, 3.040, 3.0564, 33.618
2023-01-23 03:19:00.07, 15.1, 26.1, 56, 0.96, 3795, 80.8, 1.546, 3.041, 3.0562, 33.615
2023-01-23 03:19:30.07, 15.1, 26.0, 54, 0.92, 3781, 80.5, 1.529, 3.041, 3.0560, 33.613
2023-01-23 03:20:00.07, 15.1, 26.1, 58, 1.01, 3810, 81.1, 1.512, 3.042, 3.0559, 33.610
2023-01-23 03:20:30.07, 15.1, 26.1, 61, 1.08, 3793, 80.7, 1.501, 3.039, 3.0555, 33.609
2023-01-23 03:21:00.07, 15.2, 26.1, 52, 0.87, 3794, 80.7, 1.493, 3.037, 3.0551, 33.606
2023-01-23 03:21:30.07, 15.1, 26.0, 56, 0.97, 3666, 78.0, 1.483, 3.035, 3.0547, 33.604
2023-01-23 03:22:00.07, 15.1, 26.1, 56, 0.97, 3791, 80.7, 1.470, 3.032, 3.0540, 33.598
2023-01-23 03:22:30.07, 15.1, 26.0, 55, 0.94, 3778, 80.4, 1.460, 3.027, 3.0529, 33.589
2023-01-23 03:23:00.07, 15.1, 26.0, 56, 0.96, 3768, 80.2, 1.455, 3.019, 3.0511, 33.576
2023-01-23 03:23:30.07, 15.1, 26.0, 53, 0.89, 3756, 79.9, 1.449, 3.008, 3.0489, 33.560
2023-01-23 03:24:00.07, 15.1, 26.0, 69, 1.28, 3742, 79.6, 1.444, 2.997, 3.0466, 33.545
2023-01-23 03:24:30.07, 15.1, 26.0, 54, 0.92, 3725, 79.3, 1.440, 2.985, 3.0444, 33.531
2023-01-23 03:25:00.07, 15.1, 26.0, 68, 1.26, 3727, 79.3, 1.435, 2.974, 3.0425, 33.518
2023-01-23 03:25:30.07, 15.2, 26.2, 61, 1.09, 3724, 79.2, 1.433, 2.963, 3.0406, 33.507
2023-01-23 03:26:00.07, 15.1, 26.1, 59, 1.03, 3717, 79.1, 1.428, 2.952, 3.0388, 33.496
2023-01-23 03:26:30.07, 15.1, 26.1, 59, 1.04, 3720, 79.1, 1.422, 2.941, 3.0370, 33.486
2023-01-23 03:27:00.07, 15.1, 26.1, 54, 0.92, 3718, 79.1, 1.417, 2.929, 3.0352, 33.477
2023-01-23 03:27:30.07, 15.1, 26.1, 54, 0.92, 3712, 79.0, 1.414, 2.918, 3.0338, 33.470
2023-01-23 03:28:00.07, 15.1, 26.1, 55, 0.94, 3719, 79.1, 1.411, 2.908, 3.0325, 33.465
2023-01-23 03:28:30.07, 15.1, 26.0, 58, 1.01, 3718, 79.1, 1.411, 2.902, 3.0316, 33.460
2023-01-23 03:29:00.07, 15.1, 26.0, 62, 1.11, 3713, 79.0, 1.405, 2.896, 3.0308, 33.457
2023-01-23 03:29:30.07, 15.1, 26.0, 55, 0.94, 3706, 78.8, 1.397, 2.891, 3.0301, 33.453
2023-01-23 03:30:00.07, 15.1, 26.1, 57, 0.99, 3719, 79.1, 1.393, 2.886, 3.0293, 33.450
2023-01-23 03:30:30.07, 15.1, 26.1, 65, 1.19, 3700, 78.7, 1.392, 2.881, 3.0286, 33.445
2023-01-23 03:31:00.07, 15.2, 26.1, 56, 0.96, 3697, 78.7, 1.386, 2.878, 3.0281, 33.442
2023-01-23 03:31:30.07, 15.2, 26.1, 58, 1.01, 3694, 78.6, 1.386, 2.878, 3.0277, 33.439
2023-01-23 03:32:00.07, 15.2, 26.1, 58, 1.01, 3692, 78.6, 1.388, 2.876, 3.0274, 33.436
2023-01-23 03:32:30.07, 15.2, 26.1, 62, 1.11, 3694, 78.6, 1.406, 2.873, 3.0269, 33.433
2023-01-23 03:33:00.07, 15.2, 26.1, 57, 0.99, 3700, 78.7, 1.425, 2.871, 3.0264, 33.429
2023-01-23 03:33:30.07, 15.2, 26.1, 56, 0.96, 3710, 78.9, 1.439, 2.866, 3.0256, 33.424
2023-01-23 03:34:00.07, 15.2, 26.1, 57, 0.99, 3715, 79.0, 1.451, 2.862, 3.0250, 33.421
2023-01-23 03:34:30.07, 15.2, 26.1, 58, 1.01, 3707, 78.9, 1.458, 2.857, 3.0243, 33.418
2023-01-23 03:35:00.07, 15.1, 26.1, 56, 0.96, 3713, 79.0, 1.462, 2.851, 3.0237, 33.416
2023-01-23 03:35:30.07, 15.3, 26.3, 67, 1.25, 3725, 79.3, 1.460, 2.848, 3.0233, 33.416
2023-01-23 03:36:00.07, 15.2, 26.3, 57, 0.99, 3727, 79.3, 1.468, 2.846, 3.0235, 33.420
2023-01-23 03:36:30.07, 15.2, 26.2, 59, 1.03, 3730, 79.4, 1.468, 2.848, 3.0245, 33.430
2023-01-23 03:37:00.07, 15.2, 26.2, 65, 1.19, 3743, 79.6, 1.470, 2.854, 3.0264, 33.447
2023-01-23 03:37:30.07, 15.2, 26.1, 55, 0.94, 3736, 79.5, 1.465, 2.864, 3.0286, 33.463
2023-01-23 03:38:00.07, 15.1, 26.1, 67, 1.23, 3738, 79.5, 1.463, 2.873, 3.0304, 33.476
2023-01-23 03:38:30.07, 15.2, 26.2, 59, 1.03, 3732, 79.4, 1.455, 2.880, 3.0316, 33.484
2023-01-23 03:39:00.07, 15.1, 26.1, 57, 0.99, 3733, 79.4, 1.447, 2.884, 3.0324, 33.488
2023-01-23 03:39:30.07, 15.2, 26.1, 54, 0.92, 3737, 79.5, 1.439, 2.890, 3.0331, 33.491
2023-01-23 03:40:00.07, 15.2, 26.2, 62, 1.11, 3736, 79.5, 1.435, 2.894, 3.0336, 33.494
2023-01-23 03:40:30.07, 15.2, 26.2, 57, 0.99, 3724, 79.2, 1.434, 2.897, 3.0340, 33.495
2023-01-23 03:41:00.07, 15.2, 26.3, 54, 0.92, 3735, 79.5, 1.433, 2.898, 3.0341, 33.495
2023-01-23 03:41:30.07, 15.2, 26.1, 56, 0.97, 3731, 79.4, 1.436, 2.898, 3.0340, 33.495
2023-01-23 03:42:00.07, 15.2, 26.1, 55, 0.94, 3725, 79.3, 1.442, 2.899, 3.0339, 33.491
2023-01-23 03:42:30.07, 15.2, 26.1, 60, 1.06, 3722, 79.2, 1.453, 2.899, 3.0329, 33.479
2023-01-23 03:43:00.07, 15.2, 26.2, 54, 0.91, 3732, 79.4, 1.470, 2.898, 3.0327, 33.479
2023-01-23 03:43:30.07, 15.2, 26.2, 63, 1.13, 3719, 79.1, 1.488, 2.896, 3.0320, 33.472
2023-01-23 03:44:00.07, 15.2, 26.1, 54, 0.91, 3727, 79.3, 1.499, 2.894, 3.0314, 33.467
2023-01-23 03:44:30.07, 15.2, 26.1, 55, 0.94, 3719, 79.1, 1.509, 2.893, 3.0311, 33.463
2023-01-23 03:45:00.07, 15.1, 26.1, 68, 1.26, 3720, 79.1, 1.522, 2.891, 3.0308, 33.462
2023-01-23 03:45:30.07, 15.2, 26.1, 56, 0.96, 3723, 79.2, 1.530, 2.891, 3.0309, 33.463
2023-01-23 03:46:00.07, 15.2, 26.1, 58, 1.01, 3723, 79.2, 1.538, 2.892, 3.0317, 33.472
2023-01-23 03:46:30.07, 15.2, 26.2, 55, 0.94, 3743, 79.6, 1.543, 2.896, 3.0330, 33.483
2023-01-23 03:47:00.07, 15.1, 26.1, 60, 1.06, 3738, 79.5, 1.548, 2.904, 3.0347, 33.497
2023-01-23 03:47:30.07, 15.2, 26.1, 56, 0.97, 3737, 79.5, 1.551, 2.911, 3.0366, 33.512
2023-01-23 03:48:00.07, 15.2, 26.1, 59, 1.04, 3748, 79.7, 1.557, 2.920, 3.0385, 33.525
2023-01-23 03:48:30.07, 15.2, 26.1, 65, 1.19, 3750, 79.8, 1.562, 2.930, 3.0403, 33.537
2023-01-23 03:49:00.07, 15.2, 26.1, 62, 1.11, 3752, 79.8, 1.564, 2.939, 3.0420, 33.549
2023-01-23 03:49:30.07, 15.1, 26.0, 59, 1.03, 3757, 79.9, 1.564, 2.947, 3.0435, 33.558
2023-01-23 03:50:00.07, 15.1, 26.1, 59, 1.04, 3762, 80.0, 1.565, 2.956, 3.0449, 33.566
2023-01-23 03:50:30.07, 15.1, 26.0, 56, 0.97, 3762, 80.0, 1.568, 2.964, 3.0460, 33.572
2023-01-23 03:51:00.07, 15.2, 26.1, 64, 1.16, 3761, 80.0, 1.565, 2.968, 3.0468, 33.577
2023-01-23 03:51:30.07, 15.2, 26.1, 59, 1.03, 3759, 80.0, 1.562, 2.973, 3.0475, 33.581
2023-01-23 03:52:00.07, 15.1, 26.1, 58, 1.01, 3753, 79.9, 1.561, 2.978, 3.0483, 33.585
2023-01-23 03:52:30.07, 15.2, 26.1, 56, 0.97, 3769, 80.2, 1.560, 2.982, 3.0489, 33.588
2023-01-23 03:53:00.07, 15.1, 26.1, 61, 1.08, 3763, 80.1, 1.559, 2.985, 3.0495, 33.592
2023-01-23 03:53:30.07, 15.1, 26.1, 58, 1.01, 3767, 80.1, 1.558, 2.991, 3.0502, 33.594
2023-01-23 03:54:00.07, 15.1, 26.1, 59, 1.03, 3761, 80.0, 1.557, 2.995, 3.0506, 33.596
2023-01-23 03:54:30.07, 15.1, 26.1, 60, 1.06, 3770, 80.2, 1.552, 2.998, 3.0509, 33.596
2023-01-23 03:55:00.07, 15.1, 26.1, 59, 1.03, 3758, 80.0, 1.551, 3.002, 3.0512, 33.595
2023-01-23 03:55:30.07, 15.1, 26.1, 62, 1.11, 3760, 80.0, 1.548, 3.005, 3.0513, 33.594
2023-01-23 03:56:00.07, 15.0, 25.9, 62, 1.11, 3761, 80.0, 1.544, 3.006, 3.0513, 33.592
2023-01-23 03:56:30.07, 15.0, 25.8, 57, 0.99, 3759, 80.0, 1.540, 3.007, 3.0513, 33.591
2023-01-23 03:57:00.07, 15.0, 25.8, 58, 1.01, 3762, 80.0, 1.539, 3.008, 3.0512, 33.589
2023-01-23 03:57:30.07, 15.1, 26.0, 65, 1.18, 3759, 80.0, 1.538, 3.008, 3.0511, 33.587
2023-01-23 03:58:00.07, 15.1, 26.1, 57, 0.99, 3762, 80.0, 1.538, 3.008, 3.0509, 33.585
2023-01-23 03:58:30.07, 15.1, 26.1, 59, 1.04, 3767, 80.1, 1.540, 3.007, 3.0505, 33.582
2023-01-23 03:59:00.07, 15.2, 26.1, 64, 1.16, 3773, 80.3, 1.536, 3.004, 3.0500, 33.578
2023-01-23 03:59:30.07, 15.2, 26.1, 63, 1.13, 3754, 79.9, 1.541, 2.998, 3.0493, 33.576
2023-01-23 04:00:00.07, 15.2, 26.1, 55, 0.94, 3761, 80.0, 1.540, 2.982, 3.0476, 33.573
2023-01-23 04:00:30.07, 15.2, 26.2, 58, 1.01, 3759, 80.0, 1.539, 2.955, 3.0452, 33.571
2023-01-23 04:01:00.07, 15.2, 26.2, 61, 1.09, 3756, 79.9, 1.538, 2.935, 3.0434, 33.570
2023-01-23 04:01:30.07, 15.2, 26.1, 57, 0.99, 3754, 79.9, 1.545, 2.933, 3.0432, 33.569
2023-01-23 04:02:00.07, 15.2, 26.2, 56, 0.97, 3759, 80.0, 1.540, 2.942, 3.0437, 33.567
2023-01-23 04:02:30.07, 15.1, 26.1, 67, 1.23, 3761, 80.0, 1.541, 2.952, 3.0445, 33.566
2023-01-23 04:03:00.07, 15.1, 26.1, 62, 1.11, 3763, 80.1, 1.541, 2.961, 3.0453, 33.565
2023-01-23 04:03:30.07, 15.2, 26.1, 56, 0.96, 3761, 80.0, 1.542, 2.967, 3.0458, 33.566
2023-01-23 04:04:00.07, 15.1, 26.1, 61, 1.08, 3763, 80.1, 1.549, 2.971, 3.0460, 33.565
2023-01-23 04:04:30.07, 15.2, 26.1, 56, 0.97, 3769, 80.2, 1.547, 2.973, 3.0462, 33.565
2023-01-23 04:05:00.07, 15.1, 26.1, 60, 1.06, 3769, 80.2, 1.549, 2.973, 3.0463, 33.565
2023-01-23 04:05:30.07, 15.3, 26.3, 56, 0.96, 3770, 80.2, 1.548, 2.976, 3.0465, 33.565
2023-01-23 04:06:00.07, 15.2, 26.3, 56, 0.96, 3774, 80.3, 1.548, 2.977, 3.0466, 33.565
2023-01-23 04:06:30.07, 15.2, 26.2, 69, 1.28, 3778, 80.4, 1.545, 2.978, 3.0467, 33.565
2023-01-23 04:07:00.07, 15.2, 26.3, 56, 0.97, 3784, 80.5, 1.550, 2.980, 3.0469, 33.566
2023-01-23 04:07:30.07, 15.2, 26.2, 59, 1.03, 3774, 80.3, 1.545, 2.980, 3.0470, 33.567
2023-01-23 04:08:00.07, 15.2, 26.2, 58, 1.01, 3778, 80.4, 1.545, 2.980, 3.0472, 33.569
2023-01-23 04:08:30.07, 15.2, 26.1, 69, 1.30, 3783, 80.5, 1.545, 2.981, 3.0474, 33.570
2023-01-23 04:09:00.07, 15.2, 26.1, 56, 0.97, 3781, 80.5, 1.542, 2.984, 3.0477, 33.571
2023-01-23 04:09:30.07, 15.2, 26.2, 56, 0.97, 3782, 80.5, 1.542, 2.987, 3.0479, 33.571
2023-01-23 04:10:00.07, 15.2, 26.1, 59, 1.03, 3771, 80.2, 1.538, 2.988, 3.0480, 33.572
2023-01-23 04:10:30.07, 15.2, 26.2, 58, 1.01, 3784, 80.5, 1.537, 2.991, 3.0483, 33.571
2023-01-23 04:11:00.07, 15.2, 26.3, 59, 1.03, 3780, 80.4, 1.537, 2.992, 3.0484, 33.571
2023-01-23 04:11:30.07, 15.2, 26.2, 61, 1.08, 3788, 80.6, 1.535, 2.993, 3.0483, 33.570
2023-01-23 04:12:00.07, 15.2, 26.2, 62, 1.11, 3780, 80.4, 1.538, 2.994, 3.0484, 33.569
2023-01-23 04:12:30.07, 15.2, 26.2, 69, 1.28, 3786, 80.6, 1.535, 2.995, 3.0483, 33.567
2023-01-23 04:13:00.07, 15.2, 26.1, 58, 1.01, 3781, 80.4, 1.538, 2.994, 3.0481, 33.566
2023-01-23 04:13:30.07, 15.2, 26.1, 63, 1.14, 3773, 80.3, 1.538, 2.991, 3.0478, 33.564
2023-01-23 04:14:00.07, 15.2, 26.2, 54, 0.92, 3781, 80.4, 1.537, 2.991, 3.0476, 33.563
2023-01-23 04:14:30.07, 15.1, 26.1, 61, 1.09, 3788, 80.6, 1.540, 2.989, 3.0474, 33.562
2023-01-23 04:15:00.07, 15.1, 26.1, 59, 1.04, 3787, 80.6, 1.537, 2.987, 3.0471, 33.561
2023-01-23 04:15:30.07, 15.1, 26.1, 58, 1.02, 3789, 80.6, 1.538, 2.986, 3.0470, 33.561
2023-01-23 04:16:00.07, 15.2, 26.1, 62, 1.11, 3793, 80.7, 1.536, 2.984, 3.0469, 33.561
2023-01-23 04:16:30.07, 15.2, 26.1, 56, 0.97, 3798, 80.8, 1.535, 2.982, 3.0467, 33.561
2023-01-23 04:17:00.07, 15.2, 26.1, 58, 1.01, 3800, 80.9, 1.536, 2.980, 3.0465, 33.561
2023-01-23 04:17:30.07, 15.2, 26.2, 56, 0.96, 3797, 80.8, 1.540, 2.978, 3.0464, 33.561
2023-01-23 04:18:00.07, 15.1, 26.1, 65, 1.18, 3806, 81.0, 1.540, 2.979, 3.0464, 33.561
2023-01-23 04:18:30.07, 15.1, 26.1, 61, 1.08, 3815, 81.2, 1.535, 2.977, 3.0463, 33.561
2023-01-23 04:19:00.07, 15.1, 26.1, 61, 1.08, 3806, 81.0, 1.536, 2.977, 3.0463, 33.561
2023-01-23 04:19:30.07, 15.2, 26.1, 67, 1.23, 3811, 81.1, 1.537, 2.977, 3.0463, 33.562
2023-01-23 04:20:00.07, 15.1, 26.0, 58, 1.01, 3816, 81.2, 1.535, 2.976, 3.0462, 33.561
2023-01-23 04:20:30.07, 15.1, 26.1, 61, 1.08, 3808, 81.0, 1.535, 2.976, 3.0462, 33.561
2023-01-23 04:21:00.07, 15.1, 26.1, 66, 1.21, 3811, 81.1, 1.537, 2.975, 3.0461, 33.561
2023-01-23 04:21:30.07, 15.2, 26.2, 61, 1.08, 3811, 81.1, 1.534, 2.975, 3.0461, 33.560
2023-01-23 04:22:00.07, 15.2, 26.1, 62, 1.11, 3830, 81.5, 1.534, 2.974, 3.0460, 33.560
2023-01-23 04:22:30.07, 15.2, 26.1, 55, 0.94, 3824, 81.4, 1.534, 2.975, 3.0460, 33.561
2023-01-23 04:23:00.07, 15.2, 26.1, 58, 1.01, 3828, 81.4, 1.535, 2.976, 3.0462, 33.561
2023-01-23 04:23:30.07, 15.1, 26.1, 68, 1.26, 3827, 81.4, 1.533, 2.978, 3.0463, 33.560
2023-01-23 04:24:00.07, 15.1, 26.0, 63, 1.14, 3831, 81.5, 1.534, 2.979, 3.0464, 33.560
2023-01-23 04:24:30.07, 15.1, 26.1, 55, 0.94, 3827, 81.4, 1.534, 2.980, 3.0464, 33.560
2023-01-23 04:25:00.07, 15.1, 26.0, 69, 1.30, 3821, 81.3, 1.533, 2.982, 3.0466, 33.560
2023-01-23 04:25:30.07, 15.1, 26.0, 59, 1.04, 3831, 81.5, 1.534, 2.985, 3.0469, 33.560
2023-01-23 04:26:00.07, 15.1, 26.0, 58, 1.01, 3832, 81.5, 1.536, 2.987, 3.0469, 33.559
2023-01-23 04:26:30.07, 15.2, 26.1, 65, 1.19, 3839, 81.7, 1.533, 2.986, 3.0469, 33.559
2023-01-23 04:27:00.07, 15.2, 26.1, 55, 0.94, 3809, 81.0, 1.536, 2.985, 3.0468, 33.559
2023-01-23 04:27:30.07, 15.2, 26.1, 56, 0.96, 3852, 82.0, 1.531, 2.982, 3.0465, 33.558
2023-01-23 04:28:00.07, 15.2, 26.2, 60, 1.06, 3839, 81.7, 1.535, 2.981, 3.0464, 33.558
2023-01-23 04:28:30.07, 15.2, 26.1, 62, 1.11, 3841, 81.7, 1.531, 2.981, 3.0463, 33.558
2023-01-23 04:29:00.07, 15.2, 26.2, 59, 1.04, 3844, 81.8, 1.531, 2.979, 3.0462, 33.558
2023-01-23 04:29:30.07, 15.2, 26.1, 65, 1.19, 3854, 82.0, 1.532, 2.978, 3.0460, 33.557
2023-01-23 04:30:00.07, 15.1, 26.1, 57, 0.99, 3849, 81.9, 1.529, 2.976, 3.0459, 33.557
2023-01-23 04:30:30.07, 15.2, 26.3, 63, 1.13, 3852, 82.0, 1.530, 2.976, 3.0458, 33.556
2023-01-23 04:31:00.07, 15.2, 26.1, 55, 0.94, 3852, 82.0, 1.528, 2.974, 3.0456, 33.556
2023-01-23 04:31:30.07, 15.1, 26.1, 65, 1.19, 3854, 82.0, 1.532, 2.973, 3.0455, 33.556
2023-01-23 04:32:00.07, 15.2, 26.2, 56, 0.96, 3846, 81.8, 1.528, 2.973, 3.0454, 33.555
2023-01-23 04:32:30.07, 15.2, 26.1, 56, 0.97, 3853, 82.0, 1.528, 2.972, 3.0453, 33.555
2023-01-23 04:33:00.07, 15.1, 26.1, 59, 1.03, 3841, 81.7, 1.527, 2.971, 3.0453, 33.555
2023-01-23 04:33:30.07, 14.5, 25.0, 64, 1.16, 3854, 82.0, 1.530, 2.970, 3.0451, 33.554
2023-01-23 04:34:00.07, 15.1, 26.0, 56, 0.96, 3849, 81.9, 1.530, 2.970, 3.0451, 33.554
2023-01-23 04:34:30.07, 15.1, 26.1, 56, 0.97, 3852, 82.0, 1.528, 2.969, 3.0450, 33.554
2023-01-23 04:35:00.07, 15.1, 26.0, 67, 1.23, 3848, 81.9, 1.527, 2.970, 3.0450, 33.553
2023-01-23 04:35:30.07, 15.1, 26.1, 54, 0.92, 3856, 82.0, 1.523, 2.969, 3.0450, 33.553
2023-01-23 04:36:00.07, 15.1, 26.1, 67, 1.25, 3833, 81.6, 1.525, 2.969, 3.0449, 33.552
2023-01-23 04:36:30.07, 15.1, 26.0, 59, 1.04, 3736, 79.5, 1.522, 2.961, 3.0441, 33.552
2023-01-23 04:37:00.07, 15.2, 26.1, 58, 1.01, 3724, 79.2, 1.520, 2.929, 3.0418, 33.557
2023-01-23 04:37:30.07, 15.1, 26.1, 73, 1.40, 3755, 79.9, 1.522, 2.911, 3.0403, 33.557
2023-01-23 04:38:00.07, 15.1, 26.1, 59, 1.03, 3763, 80.1, 1.520, 2.918, 3.0409, 33.557
2023-01-23 04:38:30.07, 15.1, 26.1, 61, 1.09, 3774, 80.3, 1.520, 2.933, 3.0421, 33.556
2023-01-23 04:39:00.07, 15.1, 26.0, 67, 1.25, 3761, 80.0, 1.526, 2.945, 3.0431, 33.556
2023-01-23 04:39:30.07, 15.1, 26.1, 61, 1.09, 3762, 80.0, 1.520, 2.953, 3.0437, 33.555
2023-01-23 04:40:00.07, 15.1, 26.0, 59, 1.03, 3765, 80.1, 1.520, 2.957, 3.0440, 33.555
2023-01-23 04:40:30.07, 15.1, 26.0, 58, 1.01, 3798, 80.8, 1.519, 2.959, 3.0442, 33.554
2023-01-23 04:41:00.07, 15.2, 26.1, 68, 1.26, 3820, 81.3, 1.518, 2.960, 3.0442, 33.554
2023-01-23 04:41:30.07, 15.2, 26.1, 57, 0.99, 3847, 81.9, 1.518, 2.960, 3.0442, 33.553
2023-01-23 04:42:00.07, 15.1, 26.1, 60, 1.06, 3851, 81.9, 1.522, 2.960, 3.0441, 33.553
2023-01-23 04:42:30.07, 15.2, 26.1, 68, 1.26, 3853, 82.0, 1.519, 2.958, 3.0439, 33.553
2023-01-23 04:43:00.07, 15.1, 26.0, 57, 0.99, 3847, 81.8, 1.524, 2.955, 3.0437, 33.552
2023-01-23 04:43:30.07, 15.1, 26.0, 57, 0.99, 3858, 82.1, 1.527, 2.954, 3.0436, 33.553
2023-01-23 04:44:00.07, 15.0, 25.9, 59, 1.04, 3851, 81.9, 1.527, 2.955, 3.0436, 33.552
2023-01-23 04:44:30.07, 15.1, 26.0, 53, 0.89, 3857, 82.1, 1.529, 2.955, 3.0436, 33.552
2023-01-23 04:45:00.07, 15.0, 25.9, 67, 1.23, 3854, 82.0, 1.532, 2.956, 3.0437, 33.552
2023-01-23 04:45:30.07, 15.1, 26.0, 61, 1.08, 3853, 82.0, 1.535, 2.956, 3.0437, 33.551
2023-01-23 04:46:00.07, 15.0, 25.9, 56, 0.97, 3863, 82.2, 1.533, 2.953, 3.0435, 33.552
2023-01-23 04:46:30.07, 15.1, 26.0, 71, 1.33, 3860, 82.1, 1.529, 2.953, 3.0435, 33.553
2023-01-23 04:47:00.07, 15.2, 26.1, 55, 0.94, 3846, 81.8, 1.532, 2.956, 3.0439, 33.554
2023-01-23 04:47:30.07, 15.1, 26.1, 59, 1.03, 3867, 82.3, 1.530, 2.957, 3.0442, 33.557
2023-01-23 04:48:00.07, 15.2, 26.2, 59, 1.04, 3845, 81.8, 1.531, 2.957, 3.0444, 33.559
2023-01-23 04:48:30.07, 15.1, 26.1, 58, 1.01, 3848, 81.9, 1.529, 2.959, 3.0443, 33.556
2023-01-23 04:49:00.07, 15.0, 25.9, 61, 1.09, 3848, 81.9, 1.523, 2.962, 3.0448, 33.559
2023-01-23 04:49:30.07, 14.9, 25.7, 60, 1.06, 3847, 81.8, 1.522, 2.965, 3.0452, 33.560
2023-01-23 04:50:00.07, 15.0, 25.9, 67, 1.25, 3856, 82.0, 1.523, 2.968, 3.0454, 33.560
2023-01-23 04:50:30.07, 15.1, 26.1, 58, 1.02, 3858, 82.1, 1.525, 2.971, 3.0456, 33.559
2023-01-23 04:51:00.07, 15.1, 26.1, 58, 1.01, 3843, 81.8, 1.525, 2.973, 3.0458, 33.559
2023-01-23 04:51:30.07, 15.1, 26.0, 63, 1.13, 3851, 81.9, 1.524, 2.974, 3.0457, 33.558
2023-01-23 04:52:00.07, 15.2, 26.2, 58, 1.02, 3840, 81.7, 1.527, 2.973, 3.0456, 33.557
2023-01-23 04:52:30.07, 15.2, 26.2, 55, 0.94, 3833, 81.5, 1.524, 2.961, 3.0445, 33.556
2023-01-23 04:53:00.07, 15.2, 26.2, 71, 1.33, 3826, 81.4, 1.528, 2.936, 3.0423, 33.556
2023-01-23 04:53:30.07, 15.2, 26.2, 58, 1.01, 3832, 81.5, 1.528, 2.914, 3.0404, 33.555
2023-01-23 04:54:00.07, 15.1, 26.1, 63, 1.14, 3841, 81.7, 1.530, 2.909, 3.0400, 33.555
2023-01-23 04:54:30.07, 15.2, 26.1, 60, 1.06, 3654, 77.7, 1.536, 2.918, 3.0407, 33.554
2023-01-23 04:55:00.07, 15.2, 26.1, 56, 0.96, 3838, 81.7, 1.536, 2.930, 3.0417, 33.554
2023-01-23 04:55:30.07, 15.2, 26.1, 58, 1.01, 3855, 82.0, 1.540, 2.939, 3.0424, 33.553
2023-01-23 04:56:00.07, 15.1, 26.0, 71, 1.35, 3840, 81.7, 1.542, 2.945, 3.0428, 33.553
2023-01-23 04:56:30.07, 15.1, 26.1, 55, 0.94, 3847, 81.9, 1.546, 2.948, 3.0431, 33.553
2023-01-23 04:57:00.07, 15.1, 26.1, 70, 1.31, 3852, 82.0, 1.551, 2.952, 3.0435, 33.553
2023-01-23 04:57:30.07, 15.2, 26.2, 58, 1.01, 3851, 81.9, 1.553, 2.955, 3.0439, 33.555
2023-01-23 04:58:00.07, 15.2, 26.2, 59, 1.04, 3865, 82.2, 1.553, 2.956, 3.0442, 33.557
2023-01-23 04:58:30.07, 15.2, 26.1, 60, 1.06, 3854, 82.0, 1.556, 2.960, 3.0447, 33.560
2023-01-23 04:59:00.07, 15.1, 26.1, 58, 1.02, 3849, 81.9, 1.549, 2.964, 3.0452, 33.562
2023-01-23 04:59:30.07, 15.2, 26.1, 58, 1.01, 3854, 82.0, 1.555, 2.966, 3.0457, 33.566
2023-01-23 05:00:00.07, 15.1, 26.1, 57, 0.99, 3849, 81.9, 1.551, 2.968, 3.0462, 33.569
2023-01-23 05:00:30.07, 15.1, 26.1, 56, 0.97, 3857, 82.1, 1.553, 2.971, 3.0467, 33.573
2023-01-23 05:01:00.07, 15.1, 26.1, 59, 1.04, 3851, 81.9, 1.547, 2.975, 3.0473, 33.576
2023-01-23 05:01:30.07, 15.2, 26.1, 56, 0.97, 3841, 81.7, 1.542, 2.977, 3.0148, 33.177
2023-01-23 05:02:00.07, 15.2, 26.1, 60, 1.06, 3849, 81.9, 1.543, 2.980, 3.0479, 33.578
2023-01-23 05:02:30.07, 15.2, 26.1, 66, 1.21, 3850, 81.9, 1.539, 2.982, 3.0481, 33.578
2023-01-23 05:03:00.07, 15.2, 26.1, 56, 0.97, 3846, 81.8, 1.538, 2.985, 3.0483, 33.577
2023-01-23 05:03:30.07, 15.2, 26.1, 63, 1.14, 3853, 82.0, 1.538, 2.987, 3.0484, 33.576
2023-01-23 05:04:00.07, 15.2, 26.1, 65, 1.18, 3853, 82.0, 1.537, 2.989, 3.0485, 33.576
2023-01-23 05:04:30.07, 15.1, 26.0, 58, 1.02, 3847, 81.8, 1.534, 2.991, 3.0486, 33.574
2023-01-23 05:05:00.07, 15.2, 26.1, 55, 0.94, 3840, 81.7, 1.532, 2.991, 3.0484, 33.573
2023-01-23 05:05:30.07, 15.1, 26.1, 69, 1.28, 3857, 82.1, 1.531, 2.988, 3.0480, 33.571
2023-01-23 05:06:00.07, 15.1, 26.1, 62, 1.11, 3845, 81.8, 1.533, 2.988, 3.0479, 33.569
2023-01-23 05:06:30.07, 15.1, 26.1, 64, 1.16, 3865, 82.2, 1.534, 2.984, 3.0474, 33.567
2023-01-23 05:07:00.07, 15.1, 26.1, 58, 1.01, 3849, 81.9, 1.538, 2.982, 3.0471, 33.566
2023-01-23 05:07:30.07, 15.2, 26.3, 58, 1.01, 3846, 81.8, 1.545, 2.981, 3.0469, 33.565
2023-01-23 05:08:00.07, 15.1, 26.1, 62, 1.11, 3852, 82.0, 1.553, 2.980, 3.0467, 33.563
2023-01-23 05:08:30.07, 15.2, 26.2, 56, 0.96, 3837, 81.6, 1.556, 2.978, 3.0464, 33.561
2023-01-23 05:09:00.07, 15.2, 26.1, 56, 0.97, 3849, 81.9, 1.559, 2.974, 3.0460, 33.560
2023-01-23 05:09:30.07, 15.2, 26.2, 59, 1.04, 3862, 82.2, 1.565, 2.972, 3.0457, 33.560
2023-01-23 05:10:00.07, 15.2, 26.1, 57, 0.99, 3843, 81.8, 1.568, 2.971, 3.0457, 33.560
2023-01-23 05:10:30.07, 15.2, 26.1, 60, 1.06, 3842, 81.7, 1.573, 2.970, 3.0457, 33.562
2023-01-23 05:11:00.07, 15.2, 26.1, 58, 1.02, 3861, 82.2, 1.574, 2.971, 3.0461, 33.565
2023-01-23 05:11:30.07, 15.1, 26.1, 67, 1.25, 3851, 81.9, 1.575, 2.973, 3.0467, 33.569
2023-01-23 05:12:00.07, 15.1, 26.0, 57, 0.99, 3842, 81.7, 1.573, 2.975, 3.0473, 33.575
2023-01-23 05:12:30.07, 15.1, 26.0, 54, 0.91, 3854, 82.0, 1.571, 2.978, 3.0479, 33.580
2023-01-23 05:13:00.07, 15.1, 26.1, 68, 1.26, 3826, 81.4, 1.566, 2.981, 3.0486, 33.585
2023-01-23 05:13:30.07, 15.1, 26.1, 54, 0.91, 3843, 81.8, 1.570, 2.984, 3.0492, 33.589
2023-01-23 05:14:00.07, 15.1, 26.1, 58, 1.01, 3852, 82.0, 1.562, 2.987, 3.0497, 33.593
2023-01-23 05:14:30.07, 15.1, 26.0, 55, 0.94, 3839, 81.7, 1.557, 2.990, 3.0507, 33.601
2023-01-23 05:15:00.07, 15.1, 26.1, 56, 0.97, 3849, 81.9, 1.556, 2.995, 3.0513, 33.604
2023-01-23 05:15:30.07, 15.1, 26.1, 56, 0.96, 3839, 81.7, 1.554, 3.000, 3.0518, 33.605
2023-01-23 05:16:00.07, 15.1, 26.1, 69, 1.30, 3849, 81.9, 1.553, 3.004, 3.0521, 33.605
2023-01-23 05:16:30.07, 15.1, 26.0, 59, 1.04, 3828, 81.4, 1.551, 3.005, 3.0520, 33.602
2023-01-23 05:17:00.07, 15.2, 26.2, 65, 1.18, 3843, 81.8, 1.547, 3.006, 3.0520, 33.600
2023-01-23 05:17:30.07, 15.2, 26.1, 58, 1.01, 3843, 81.8, 1.547, 3.009, 3.0520, 33.597
2023-01-23 05:18:00.07, 15.1, 26.1, 55, 0.94, 3857, 82.1, 1.547, 3.008, 3.0517, 33.595
2023-01-23 05:18:30.07, 15.2, 26.1, 59, 1.03, 3852, 82.0, 1.546, 3.006, 3.0513, 33.592
2023-01-23 05:19:00.07, 15.1, 26.0, 56, 0.97, 3843, 81.8, 1.548, 3.005, 3.0510, 33.589
2023-01-23 05:19:30.07, 15.1, 26.0, 58, 1.01, 3851, 82.0, 1.551, 3.003, 3.0506, 33.587
2023-01-23 05:20:00.07, 15.1, 26.0, 60, 1.06, 3849, 81.9, 1.552, 3.000, 3.0502, 33.585
2023-01-23 05:20:30.07, 15.1, 26.0, 57, 0.99, 3863, 82.2, 1.552, 2.998, 3.0498, 33.582
2023-01-23 05:21:00.07, 15.1, 26.0, 64, 1.16, 3865, 82.2, 1.553, 2.994, 3.0493, 33.580
2023-01-23 05:21:30.07, 15.1, 26.0, 56, 0.96, 3853, 82.0, 1.556, 2.991, 3.0490, 33.580
2023-01-23 05:22:00.07, 15.1, 26.0, 61, 1.09, 3865, 82.2, 1.557, 2.990, 3.0489, 33.579
2023-01-23 05:22:30.07, 15.1, 26.1, 61, 1.08, 3860, 82.1, 1.552, 2.990, 3.0489, 33.580
2023-01-23 05:23:00.07, 15.1, 26.1, 58, 1.02, 3859, 82.1, 1.555, 2.989, 3.0488, 33.580
2023-01-23 05:23:30.07, 15.1, 26.0, 65, 1.19, 3862, 82.2, 1.552, 2.988, 3.0488, 33.581
2023-01-23 05:24:00.07, 15.1, 26.1, 55, 0.94, 3869, 82.3, 1.553, 2.988, 3.0489, 33.582
2023-01-23 05:24:30.07, 15.1, 26.0, 59, 1.04, 3866, 82.3, 1.551, 2.987, 3.0489, 33.582
2023-01-23 05:25:00.07, 15.1, 26.1, 59, 1.04, 3851, 81.9, 1.553, 2.987, 3.0489, 33.583
2023-01-23 05:25:30.07, 15.1, 26.1, 58, 1.01, 3857, 82.1, 1.558, 2.988, 3.0491, 33.584
2023-01-23 05:26:00.07, 15.1, 26.1, 64, 1.16, 3861, 82.2, 1.554, 2.987, 3.0490, 33.584
2023-01-23 05:26:30.07, 15.1, 26.1, 57, 0.99, 3854, 82.0, 1.556, 2.987, 3.0490, 33.584
2023-01-23 05:27:00.07, 15.0, 25.8, 58, 1.01, 3858, 82.1, 1.550, 2.986, 3.0489, 33.584
2023-01-23 05:27:30.07, 15.0, 25.8, 67, 1.25, 3865, 82.2, 1.551, 2.986, 3.0489, 33.584
2023-01-23 05:28:00.07, 15.0, 25.9, 57, 0.99, 3854, 82.0, 1.556, 2.986, 3.0489, 33.584
2023-01-23 05:28:30.07, 15.2, 26.2, 59, 1.04, 3860, 82.1, 1.556, 2.988, 3.0491, 33.584
2023-01-23 05:29:00.07, 15.2, 26.1, 63, 1.13, 3855, 82.0, 1.562, 2.989, 3.0491, 33.583
2023-01-23 05:29:30.07, 15.2, 26.1, 57, 0.99, 3845, 81.8, 1.560, 2.990, 3.0492, 33.584
2023-01-23 05:30:00.07, 15.2, 26.2, 63, 1.14, 3854, 82.0, 1.562, 2.990, 3.0493, 33.584
2023-01-23 05:30:30.07, 15.1, 26.1, 56, 0.97, 3852, 82.0, 1.558, 2.987, 3.0489, 33.583
2023-01-23 05:31:00.07, 15.2, 26.1, 58, 1.02, 3839, 81.7, 1.560, 2.970, 3.0475, 33.584
2023-01-23 05:31:30.07, 15.1, 26.1, 55, 0.94, 3846, 81.8, 1.560, 2.948, 3.0457, 33.585
2023-01-23 05:32:00.07, 15.2, 26.2, 67, 1.23, 3853, 82.0, 1.558, 2.938, 2.9834, 32.836
2023-01-23 05:32:30.07, 15.1, 26.1, 56, 0.97, 3838, 81.7, 1.562, 2.945, 3.0457, 33.588
2023-01-23 05:33:00.07, 15.2, 26.1, 62, 1.11, 3847, 81.9, 1.567, 2.960, 3.0470, 33.589
2023-01-23 05:33:30.07, 15.2, 26.1, 58, 1.01, 3844, 81.8, 1.564, 2.971, 3.0481, 33.589
2023-01-23 05:34:00.07, 15.1, 26.1, 65, 1.19, 3849, 81.9, 1.566, 2.979, 3.0487, 33.589
2023-01-23 05:34:30.07, 15.1, 26.1, 61, 1.08, 3843, 81.8, 1.562, 2.983, 3.0491, 33.589
2023-01-23 05:35:00.07, 15.2, 26.1, 57, 0.99, 3843, 81.8, 1.565, 2.987, 3.0494, 33.589
2023-01-23 05:35:30.07, 15.1, 26.0, 55, 0.94, 3838, 81.7, 1.564, 2.990, 3.0497, 33.589
2023-01-23 05:36:00.07, 15.1, 26.0, 62, 1.11, 3839, 81.7, 1.563, 2.990, 3.0498, 33.590
2023-01-23 05:36:30.07, 15.1, 26.1, 58, 1.01, 3843, 81.8, 1.566, 2.990, 3.0497, 33.588
2023-01-23 05:37:00.07, 15.1, 26.0, 59, 1.03, 3844, 81.8, 1.564, 2.991, 3.0498, 33.589
2023-01-23 05:37:30.07, 15.1, 26.0, 56, 0.96, 3839, 81.7, 1.563, 2.993, 3.0499, 33.589
2023-01-23 05:38:00.07, 15.1, 26.0, 69, 1.30, 3841, 81.7, 1.564, 2.993, 3.0500, 33.590
2023-01-23 05:38:30.07, 15.2, 26.1, 58, 1.01, 3818, 81.2, 1.561, 2.994, 3.0500, 33.590
2023-01-23 05:39:00.07, 15.1, 26.1, 61, 1.09, 3843, 81.8, 1.563, 2.994, 3.0500, 33.589
2023-01-23 05:39:30.07, 15.2, 26.1, 61, 1.08, 3843, 81.8, 1.561, 2.993, 3.0499, 33.589
2023-01-23 05:40:00.07, 15.2, 26.1, 58, 1.02, 3845, 81.8, 1.559, 2.993, 3.0499, 33.588
2023-01-23 05:40:30.07, 15.1, 26.1, 59, 1.04, 3835, 81.6, 1.555, 2.992, 3.0498, 33.588
2023-01-23 05:41:00.07, 15.1, 26.0, 61, 1.08, 3849, 81.9, 1.554, 2.992, 3.0497, 33.588
2023-01-23 05:41:30.07, 15.1, 26.0, 56, 0.96, 3830, 81.5, 1.555, 2.993, 3.0498, 33.588
2023-01-23 05:42:00.07, 15.1, 26.0, 60, 1.06, 3839, 81.7, 1.552, 2.995, 3.0499, 33.587
2023-01-23 05:42:30.07, 15.1, 26.0, 61, 1.08, 3835, 81.6, 1.549, 2.997, 3.0501, 33.587
2023-01-23 05:43:00.07, 15.1, 26.0, 58, 1.02, 3845, 81.8, 1.550, 2.997, 3.0500, 33.586
2023-01-23 05:43:30.07, 15.1, 26.0, 56, 0.97, 3833, 81.6, 1.546, 2.998, 3.0500, 33.585
2023-01-23 05:44:00.07, 15.1, 26.0, 56, 0.97, 3846, 81.8, 1.539, 3.000, 3.0501, 33.584
2023-01-23 05:44:30.07, 15.1, 26.0, 57, 0.99, 3843, 81.8, 1.542, 3.000, 3.0500, 33.583
2023-01-23 05:45:00.07, 15.0, 25.9, 56, 0.97, 3837, 81.6, 1.539, 3.000, 3.0499, 33.581
2023-01-23 05:45:30.07, 15.1, 26.1, 69, 1.30, 3843, 81.8, 1.536, 3.000, 3.0497, 33.580
2023-01-23 05:46:00.07, 15.2, 26.1, 58, 1.02, 3835, 81.6, 1.539, 2.998, 3.0494, 33.578
2023-01-23 05:46:30.07, 15.1, 26.0, 59, 1.04, 3847, 81.8, 1.536, 2.995, 3.0490, 33.575
2023-01-23 05:47:00.07, 15.1, 26.0, 56, 0.97, 3848, 81.9, 1.535, 2.991, 3.0485, 33.573
2023-01-23 05:47:30.07, 15.2, 26.1, 58, 1.01, 3844, 81.8, 1.533, 2.990, 3.0482, 33.571
2023-01-23 05:48:00.07, 15.1, 26.1, 58, 1.01, 3842, 81.7, 1.531, 2.986, 3.0477, 33.569
2023-01-23 05:48:30.07, 15.2, 26.1, 58, 1.02, 3824, 81.4, 1.529, 2.983, 3.0472, 33.566
2023-01-23 05:49:00.07, 15.2, 26.1, 66, 1.21, 3841, 81.7, 1.533, 2.981, 3.0469, 33.564
2023-01-23 05:49:30.07, 15.2, 26.1, 56, 0.96, 3853, 82.0, 1.530, 2.978, 3.0465, 33.563
2023-01-23 05:50:00.07, 15.2, 26.2, 66, 1.21, 3851, 81.9, 1.528, 2.976, 3.0462, 33.562
2023-01-23 05:50:30.07, 15.2, 26.2, 68, 1.26, 3858, 82.1, 1.526, 2.973, 3.0459, 33.560
2023-01-23 05:51:00.07, 15.2, 26.1, 57, 0.99, 3845, 81.8, 1.531, 2.971, 3.0456, 33.559
2023-01-23 05:51:30.07, 15.2, 26.1, 57, 0.99, 3862, 82.2, 1.528, 2.969, 3.0454, 33.558
2023-01-23 05:52:00.07, 15.1, 26.1, 57, 0.99, 3853, 82.0, 1.526, 2.968, 3.0451, 33.557
2023-01-23 05:52:30.07, 15.1, 26.1, 58, 1.02, 3858, 82.1, 1.523, 2.966, 3.0449, 33.556
2023-01-23 05:53:00.07, 15.2, 26.1, 58, 1.02, 3850, 81.9, 1.523, 2.963, 3.0446, 33.555
2023-01-23 05:53:30.07, 15.1, 26.1, 57, 0.99, 3856, 82.0, 1.517, 2.961, 3.0444, 33.555
2023-01-23 05:54:00.07, 15.2, 26.2, 58, 1.02, 3848, 81.9, 1.518, 2.960, 3.0443, 33.555
2023-01-23 05:54:30.07, 15.2, 26.1, 67, 1.25, 3861, 82.1, 1.518, 2.961, 3.0444, 33.555
2023-01-23 05:55:00.07, 15.2, 26.1, 58, 1.01, 3843, 81.8, 1.521, 2.960, 3.0445, 33.557
2023-01-23 05:55:30.07, 15.2, 26.2, 67, 1.25, 3855, 82.0, 1.527, 2.962, 3.0446, 33.557
2023-01-23 05:56:00.07, 15.2, 26.1, 61, 1.09, 3845, 81.8, 1.528, 2.963, 3.0446, 33.556
2023-01-23 05:56:30.07, 15.1, 26.1, 56, 0.97, 3845, 81.8, 1.525, 2.963, 3.0445, 33.554
2023-01-23 05:57:00.07, 15.2, 26.1, 57, 0.99, 3837, 81.6, 1.522, 2.964, 3.0444, 33.552
2023-01-23 05:57:30.07, 15.2, 26.1, 68, 1.26, 3836, 81.6, 1.523, 2.964, 3.0443, 33.550
2023-01-23 05:58:00.07, 15.2, 26.1, 56, 0.97, 3841, 81.7, 1.523, 2.965, 3.0443, 33.550
2023-01-23 05:58:30.07, 15.2, 26.2, 60, 1.06, 3838, 81.7, 1.522, 2.965, 3.0444, 33.551
2023-01-23 05:59:00.07, 15.2, 26.2, 56, 0.96, 3855, 82.0, 1.519, 2.966, 3.0447, 33.553
2023-01-23 05:59:30.07, 15.2, 26.3, 64, 1.16, 3838, 81.7, 1.522, 2.967, 3.0448, 33.554
2023-01-23 06:00:00.07, 15.2, 26.2, 55, 0.94, 3843, 81.8, 1.516, 2.966, 3.0448, 33.554
2023-01-23 06:00:30.07, 15.2, 26.2, 67, 1.25, 3851, 81.9, 1.519, 2.964, 3.0446, 33.554
2023-01-23 06:01:00.07, 15.1, 26.1, 61, 1.08, 3828, 81.5, 1.518, 2.963, 3.0445, 33.554
2023-01-23 06:01:30.07, 15.2, 26.1, 63, 1.13, 3815, 81.2, 1.522, 2.964, 3.0445, 33.554
2023-01-23 06:02:00.07, 15.1, 26.1, 59, 1.04, 3834, 81.6, 1.520, 2.962, 3.0443, 33.553
2023-01-23 06:02:30.07, 15.1, 26.0, 58, 1.01, 3845, 81.8, 1.522, 2.960, 3.0441, 33.552
2023-01-23 06:03:00.07, 15.1, 26.1, 61, 1.08, 3841, 81.7, 1.525, 2.960, 3.0440, 33.551
2023-01-23 06:03:30.07, 15.1, 26.1, 55, 0.94, 3839, 81.7, 1.528, 2.957, 3.0437, 33.550
2023-01-23 06:04:00.07, 10.4, 18.0, 58, 1.01, 3834, 81.6, 1.533, 2.957, 3.0431, 33.543
2023-01-23 06:04:30.07, 9.5, 16.3, 57, 0.99, 3827, 81.4, 1.537, 2.953, 3.0432, 33.549
2023-01-23 06:05:00.07, 9.6, 16.5, 58, 1.02, 3817, 81.2, 1.534, 2.957, 3.0435, 33.548
2023-01-23 06:05:30.07, 9.6, 16.6, 60, 1.06, 3824, 81.4, 1.536, 2.967, 3.0444, 33.549
2023-01-23 06:06:00.07, 9.8, 16.8, 66, 1.21, 3829, 81.5, 1.536, 2.976, 3.0452, 33.549
2023-01-23 06:06:30.07, 9.7, 16.7, 58, 1.02, 3828, 81.4, 1.536, 2.984, 3.0460, 33.551
2023-01-23 06:07:00.07, 9.7, 16.7, 58, 1.01, 3835, 81.6, 1.538, 2.990, 3.0467, 33.553
2023-01-23 06:07:30.07, 9.6, 16.6, 61, 1.08, 3830, 81.5, 1.537, 2.994, 3.0471, 33.554
2023-01-23 06:08:00.07, 9.7, 16.8, 56, 0.97, 3829, 81.5, 1.537, 2.997, 3.0476, 33.557
2023-01-23 06:08:30.07, 9.8, 16.8, 57, 0.99, 3827, 81.4, 1.539, 3.001, 3.0482, 33.559
2023-01-23 06:09:00.07, 9.7, 16.7, 57, 0.99, 3833, 81.5, 1.538, 3.007, 3.0488, 33.561
2023-01-23 06:09:30.07, 9.8, 16.8, 59, 1.04, 3835, 81.6, 1.539, 3.010, 3.0493, 33.563
2023-01-23 06:10:00.07, 9.8, 16.8, 56, 0.97, 3853, 82.0, 1.547, 3.013, 3.0496, 33.564
2023-01-23 06:10:30.07, 9.7, 16.7, 59, 1.04, 3843, 81.8, 1.547, 3.017, 3.0500, 33.565
2023-01-23 06:11:00.07, 9.7, 16.8, 56, 0.96, 3824, 81.4, 1.549, 3.021, 3.0503, 33.564
2023-01-23 06:11:30.07, 9.7, 16.7, 67, 1.23, 3835, 81.6, 1.549, 3.024, 3.0505, 33.564
2023-01-23 06:12:00.07, 9.7, 16.8, 55, 0.94, 3837, 81.6, 1.550, 3.027, 3.0508, 33.564
2023-01-23 06:12:30.07, 9.7, 16.8, 65, 1.18, 3829, 81.5, 1.553, 3.030, 3.0510, 33.564
2023-01-23 06:13:00.07, 9.7, 16.8, 54, 0.92, 3839, 81.7, 1.553, 3.031, 3.0512, 33.565
2023-01-23 06:13:30.07, 9.7, 16.7, 57, 0.99, 3843, 81.8, 1.555, 3.033, 3.0515, 33.566
2023-01-23 06:14:00.07, 9.6, 16.6, 59, 1.04, 3821, 81.3, 1.559, 3.033, 3.0517, 33.568
2023-01-23 06:14:30.07, 9.7, 16.7, 58, 1.01, 3847, 81.9, 1.555, 3.034, 3.0519, 33.570
2023-01-23 06:15:00.07, 9.9, 17.1, 57, 0.99, 3839, 81.7, 1.558, 3.036, 3.0522, 33.572
2023-01-23 06:15:30.07, 10.1, 17.4, 59, 1.04, 3846, 81.8, 1.560, 3.037, 3.0524, 33.573
2023-01-23 06:16:00.07, 10.2, 17.5, 56, 0.97, 3833, 81.6, 1.556, 3.039, 3.0527, 33.575
2023-01-23 06:16:30.07, 10.2, 17.6, 55, 0.94, 3831, 81.5, 1.559, 3.040, 3.0529, 33.576
2023-01-23 06:17:00.07, 10.2, 17.6, 58, 1.01, 3795, 80.8, 1.557, 3.040, 3.0530, 33.578
2023-01-23 06:17:30.07, 9.8, 16.8, 60, 1.06, 3829, 81.5, 1.561, 3.040, 3.0531, 33.579
2023-01-23 06:18:00.07, 10.1, 17.4, 59, 1.03, 3842, 81.8, 1.565, 3.041, 3.0532, 33.578
2023-01-23 06:18:30.07, 10.1, 17.5, 61, 1.08, 3831, 81.5, 1.564, 3.040, 3.0531, 33.579
2023-01-23 06:19:00.07, 10.1, 17.4, 56, 0.96, 3827, 81.4, 1.563, 3.040, 3.0531, 33.578
2023-01-23 06:19:30.07, 10.1, 17.5, 61, 1.08, 3849, 81.9, 1.563, 3.040, 3.0531, 33.579
2023-01-23 06:20:00.07, 10.0, 17.2, 60, 1.06, 3788, 80.6, 1.565, 3.041, 3.0524, 33.569
2023-01-23 06:20:30.07, 10.1, 17.4, 58, 1.02, 3839, 81.7, 1.566, 3.042, 3.0533, 33.579
2023-01-23 06:21:00.07, 10.1, 17.4, 63, 1.13, 3788, 80.6, 1.569, 3.038, 3.0530, 33.579
2023-01-23 06:21:30.07, 10.0, 17.2, 67, 1.25, 3763, 80.1, 1.569, 3.022, 3.0516, 33.579
2023-01-23 06:22:00.07, 10.0, 17.2, 58, 1.01, 3731, 79.4, 1.572, 3.012, 3.0509, 33.581
2023-01-23 06:22:30.07, 10.0, 17.2, 56, 0.97, 3788, 80.6, 1.571, 3.016, 3.0513, 33.581
2023-01-23 06:23:00.07, 10.0, 17.2, 61, 1.09, 3790, 80.6, 1.573, 3.025, 3.0521, 33.582
2023-01-23 06:23:30.07, 10.0, 17.2, 58, 1.01, 3773, 80.3, 1.573, 3.034, 3.0530, 33.584
2023-01-23 06:24:00.07, 10.1, 17.5, 63, 1.13, 3799, 80.8, 1.571, 3.042, 3.0537, 33.584
2023-01-23 06:24:30.07, 10.4, 18.0, 69, 1.28, 3774, 80.3, 1.573, 3.049, 3.0544, 33.585
2023-01-23 06:25:00.07, 10.4, 17.9, 61, 1.09, 3786, 80.6, 1.574, 3.054, 3.0550, 33.587
2023-01-23 06:25:30.07, 10.4, 17.9, 58, 1.02, 3798, 80.8, 1.578, 3.060, 3.0556, 33.588
2023-01-23 06:26:00.07, 10.4, 17.9, 73, 1.38, 3786, 80.6, 1.578, 3.066, 3.0561, 33.588
2023-01-23 06:26:30.07, 10.4, 18.0, 60, 1.06, 3817, 81.2, 1.580, 3.070, 3.0566, 33.589
2023-01-23 06:27:00.07, 10.4, 17.9, 58, 1.02, 3856, 82.1, 1.575, 3.072, 3.0568, 33.589
2023-01-23 06:27:30.07, 10.4, 17.9, 60, 1.06, 3839, 81.7, 1.578, 3.072, 3.0566, 33.587
2023-01-23 06:28:00.07, 10.4, 17.9, 56, 0.97, 3838, 81.7, 1.577, 3.075, 3.0571, 33.590
2023-01-23 06:28:30.07, 10.4, 17.9, 65, 1.18, 3757, 79.9, 1.578, 3.075, 3.0571, 33.591
2023-01-23 06:29:00.07, 10.4, 17.9, 57, 0.99, 3813, 81.1, 1.579, 3.076, 3.0572, 33.591
2023-01-23 06:29:30.07, 10.4, 18.0, 60, 1.06, 3748, 79.8, 1.578, 3.075, 3.0572, 33.592
2023-01-23 06:30:00.07, 10.5, 18.1, 55, 0.94, 3801, 80.9, 1.578, 3.075, 3.0573, 33.592
2023-01-23 06:30:30.07, 10.5, 18.1, 62, 1.11, 3824, 81.4, 1.577, 3.076, 3.0573, 33.592
2023-01-23 06:31:00.07, 10.5, 18.2, 56, 0.97, 3798, 80.8, 1.576, 3.076, 3.0574, 33.593
2023-01-23 06:31:30.07, 10.5, 18.0, 61, 1.09, 3823, 81.3, 1.576, 3.076, 3.0574, 33.593
2023-01-23 06:32:00.07, 10.5, 18.0, 62, 1.11, 3767, 80.2, 1.576, 3.076, 3.0574, 33.593
2023-01-23 06:32:30.07, 10.4, 18.0, 67, 1.25, 3805, 81.0, 1.577, 3.076, 3.0575, 33.594
2023-01-23 06:33:00.07, 10.4, 17.9, 61, 1.08, 3804, 80.9, 1.575, 3.076, 3.0575, 33.595
2023-01-23 06:33:30.07, 10.4, 17.9, 60, 1.06, 3669, 78.1, 1.578, 3.076, 3.0575, 33.594
2023-01-23 06:34:00.07, 10.4, 17.9, 65, 1.19, 3758, 80.0, 1.574, 3.075, 3.0574, 33.595
2023-01-23 06:34:30.07, 10.3, 17.8, 58, 1.01, 3647, 77.6, 1.575, 3.075, 3.0574, 33.594
2023-01-23 06:35:00.07, 10.3, 17.8, 64, 1.16, 3725, 79.3, 1.576, 3.075, 3.0574, 33.594
2023-01-23 06:35:30.07, 10.4, 17.9, 56, 0.97, 3794, 80.7, 1.577, 3.074, 3.0572, 33.594
2023-01-23 06:36:00.07, 10.6, 18.2, 58, 1.01, 3777, 80.4, 1.575, 3.073, 3.0572, 33.593
2023-01-23 06:36:30.07, 10.6, 18.3, 67, 1.25, 3775, 80.3, 1.574, 3.074, 3.0572, 33.593
2023-01-23 06:37:00.07, 10.6, 18.3, 60, 1.06, 3816, 81.2, 1.576, 3.074, 3.0573, 33.593
2023-01-23 06:37:30.07, 10.6, 18.3, 63, 1.14, 3803, 80.9, 1.578, 3.075, 3.0567, 33.586
2023-01-23 06:38:00.07, 10.6, 18.3, 63, 1.14, 3795, 80.8, 1.579, 3.075, 3.0572, 33.592
2023-01-23 06:38:30.07, 10.6, 18.3, 57, 0.99, 3762, 80.0, 1.575, 3.076, 3.0573, 33.592
2023-01-23 06:39:00.07, 10.7, 18.4, 60, 1.06, 3644, 77.5, 1.574, 3.079, 3.0574, 33.591
2023-01-23 06:39:30.07, 10.7, 18.4, 60, 1.06, 3583, 76.2, 1.575, 3.081, 3.0576, 33.591
2023-01-23 06:40:00.07, 10.7, 18.4, 61, 1.08, 3757, 79.9, 1.572, 3.081, 3.0576, 33.591
2023-01-23 06:40:30.07, 10.6, 18.2, 60, 1.06, 3693, 78.6, 1.574, 3.082, 3.0577, 33.591
2023-01-23 06:41:00.07, 10.5, 18.2, 62, 1.11, 3675, 78.2, 1.569, 3.083, 3.0578, 33.591
2023-01-23 06:41:30.07, 10.4, 18.0, 69, 1.28, 3687, 78.5, 1.571, 3.083, 3.0579, 33.591
2023-01-23 06:42:00.07, 10.5, 18.2, 58, 1.01, 3586, 76.3, 1.570, 3.084, 3.0580, 33.591
2023-01-23 06:42:30.07, 10.5, 18.0, 59, 1.03, 3728, 79.3, 1.572, 3.085, 3.0580, 33.591
2023-01-23 06:43:00.07, 10.4, 17.9, 61, 1.08, 3744, 79.7, 1.574, 3.084, 3.0579, 33.591
2023-01-23 06:43:30.07, 10.5, 18.2, 69, 1.28, 3651, 77.7, 1.573, 3.084, 3.0578, 33.590
2023-01-23 06:44:00.07, 10.5, 18.0, 59, 1.04, 3697, 78.7, 1.574, 3.083, 3.0576, 33.588
2023-01-23 06:44:30.07, 10.5, 18.0, 66, 1.21, 3647, 77.6, 1.574, 3.081, 3.0574, 33.588
2023-01-23 06:45:00.07, 10.6, 18.2, 61, 1.08, 3548, 75.5, 1.572, 3.079, 3.0571, 33.587
2023-01-23 06:45:30.07, 10.8, 18.6, 60, 1.06, 3569, 75.9, 1.571, 3.077, 3.0570, 33.587
2023-01-23 06:46:00.07, 10.7, 18.5, 58, 1.01, 3587, 76.3, 1.566, 3.076, 3.0569, 33.587
2023-01-23 06:46:30.07, 10.7, 18.4, 65, 1.18, 3535, 75.2, 1.555, 3.075, 3.0568, 33.586
2023-01-23 06:47:00.07, 10.7, 18.4, 56, 0.97, 3557, 75.7, 1.548, 3.073, 3.0567, 33.587
2023-01-23 06:47:30.07, 10.7, 18.4, 58, 1.01, 3622, 77.1, 1.547, 3.074, 3.0567, 33.588
2023-01-23 06:48:00.07, 10.8, 18.6, 59, 1.03, 3099, 65.9, 1.544, 3.073, 3.0567, 33.588
2023-01-23 06:48:30.07, 10.8, 18.7, 66, 1.21, 3565, 75.8, 1.541, 3.073, 3.0566, 33.587
2023-01-23 06:49:00.07, 10.8, 18.6, 56, 0.96, 3612, 76.9, 1.542, 3.071, 3.0564, 33.587
2023-01-23 06:49:30.07, 10.8, 18.6, 67, 1.23, 3599, 76.6, 1.537, 3.069, 3.0562, 33.585
2023-01-23 06:50:00.07, 10.8, 18.6, 57, 0.99, 3551, 75.6, 1.535, 3.065, 3.0555, 33.582
2023-01-23 06:50:30.07, 10.8, 18.6, 61, 1.08, 3341, 71.1, 1.534, 3.049, 3.0539, 33.579
2023-01-23 06:51:00.07, 10.8, 18.6, 57, 0.99, 3438, 73.1, 1.534, 3.026, 3.0516, 33.574
2023-01-23 06:51:30.07, 10.8, 18.7, 71, 1.33, 3432, 73.0, 1.533, 3.007, 3.0496, 33.570
2023-01-23 06:52:00.07, 10.8, 18.6, 59, 1.04, 3624, 77.1, 1.536, 3.004, 3.0490, 33.566
2023-01-23 06:52:30.07, 10.7, 18.5, 56, 0.97, 3392, 72.2, 1.541, 3.010, 3.0492, 33.562
2023-01-23 06:53:00.07, 10.8, 18.6, 63, 1.13, 3622, 77.1, 1.544, 3.018, 3.0497, 33.559
2023-01-23 06:53:30.07, 10.7, 18.5, 56, 0.97, 3535, 75.2, 1.549, 3.025, 3.0500, 33.556
2023-01-23 06:54:00.07, 10.7, 18.4, 71, 1.33, 3268, 69.5, 1.557, 3.032, 3.0505, 33.555
2023-01-23 06:54:30.07, 10.9, 18.7, 58, 1.01, 3559, 75.7, 1.556, 3.036, 3.0506, 33.552
2023-01-23 06:55:00.07, 11.0, 19.0, 58, 1.02, 3421, 72.8, 1.562, 3.039, 3.0508, 33.551
2023-01-23 06:55:30.07, 11.0, 19.0, 58, 1.01, 3385, 72.0, 1.564, 3.042, 3.0509, 33.550
2023-01-23 06:56:00.07, 11.0, 18.9, 67, 1.25, 3417, 72.7, 1.566, 3.042, 3.0510, 33.551
2023-01-23 06:56:30.07, 10.9, 18.7, 60, 1.06, 3413, 72.6, 1.570, 3.043, 3.0512, 33.552
2023-01-23 06:57:00.07, 10.9, 18.7, 63, 1.13, 3315, 70.5, 1.570, 3.044, 3.0515, 33.555
2023-01-23 06:57:30.07, 10.9, 18.8, 64, 1.16, 3318, 70.6, 1.575, 3.044, 3.0518, 33.559
2023-01-23 06:58:00.07, 11.0, 19.0, 58, 1.02, 3276, 69.7, 1.579, 3.046, 3.0523, 33.563
2023-01-23 06:58:30.07, 11.0, 19.0, 68, 1.26, 3318, 70.6, 1.579, 3.049, 3.0529, 33.567
2023-01-23 06:59:00.07, 10.9, 18.8, 59, 1.04, 3276, 69.7, 1.584, 3.052, 3.0535, 33.570
2023-01-23 06:59:30.07, 11.0, 18.9, 58, 1.01, 3327, 70.8, 1.587, 3.055, 3.0540, 33.574
2023-01-23 07:00:00.07, 11.0, 18.9, 61, 1.08, 3402, 72.4, 1.587, 3.052, 3.0540, 33.577
2023-01-23 07:00:30.07, 11.0, 18.9, 57, 0.99, 3227, 68.6, 1.587, 3.038, 3.0530, 33.580
2023-01-23 07:01:00.07, 10.9, 18.8, 58, 1.01, 3125, 66.5, 1.591, 3.019, 3.0517, 33.583
2023-01-23 07:01:30.07, 10.9, 18.8, 61, 1.08, 3081, 65.5, 1.590, 3.009, 3.0506, 33.581
2023-01-23 07:02:00.07, 10.9, 18.7, 61, 1.09, 3119, 66.3, 1.593, 3.014, 3.0515, 33.587
2023-01-23 07:02:30.07, 10.9, 18.7, 63, 1.13, 3235, 68.8, 1.593, 3.026, 3.0527, 33.588
2023-01-23 07:03:00.07, 10.8, 18.7, 63, 1.14, 3176, 67.6, 1.593, 3.037, 3.0539, 33.591
2023-01-23 07:03:30.07, 10.8, 18.6, 61, 1.08, 3232, 68.7, 1.593, 3.047, 3.0549, 33.593
2023-01-23 07:04:00.07, 10.7, 18.4, 62, 1.11, 3215, 68.4, 1.592, 3.056, 3.0558, 33.594
2023-01-23 07:04:30.07, 11.0, 19.0, 70, 1.31, 3200, 68.1, 1.588, 3.062, 3.0565, 33.597
2023-01-23 07:05:00.07, 11.1, 19.1, 63, 1.14, 3013, 64.1, 1.587, 3.067, 3.0568, 33.595
2023-01-23 07:05:30.07, 11.1, 19.2, 58, 1.01, 2970, 63.2, 1.585, 3.071, 3.0574, 33.599
2023-01-23 07:06:00.07, 11.1, 19.1, 62, 1.11, 3039, 64.6, 1.579, 3.074, 3.0578, 33.600
2023-01-23 07:06:30.07, 11.1, 19.1, 59, 1.04, 3132, 66.6, 1.578, 3.077, 3.0581, 33.601
2023-01-23 07:07:00.07, 11.1, 19.1, 62, 1.11, 3268, 69.5, 1.576, 3.081, 3.0584, 33.601
2023-01-23 07:07:30.07, 11.1, 19.1, 73, 1.38, 3264, 69.4, 1.576, 3.084, 3.0588, 33.601
2023-01-23 07:08:00.07, 11.1, 19.1, 60, 1.06, 3165, 67.3, 1.575, 3.087, 3.0590, 33.601
2023-01-23 07:08:30.07, 11.1, 19.1, 61, 1.08, 3096, 65.9, 1.577, 3.088, 3.0590, 33.600
2023-01-23 07:09:00.07, 11.1, 19.1, 65, 1.19, 2855, 60.7, 1.577, 3.090, 3.0590, 33.598
2023-01-23 07:09:30.07, 11.0, 19.0, 70, 1.31, 2831, 60.2, 1.577, 3.091, 3.0590, 33.596
2023-01-23 07:10:00.07, 11.0, 19.0, 58, 1.02, 2853, 60.7, 1.579, 3.092, 3.0588, 33.594
2023-01-23 07:10:30.07, 11.0, 19.0, 63, 1.13, 3039, 64.6, 1.580, 3.090, 3.0585, 33.591
2023-01-23 07:11:00.07, 11.0, 18.9, 58, 1.02, 2838, 60.4, 1.585, 3.089, 3.0581, 33.589
2023-01-23 07:11:30.07, 11.0, 18.9, 64, 1.16, 2937, 62.5, 1.584, 3.086, 3.0577, 33.587
2023-01-23 07:12:00.07, 11.0, 18.9, 58, 1.02, 3012, 64.1, 1.584, 3.083, 3.0575, 33.586
2023-01-23 07:12:30.07, 11.0, 18.9, 61, 1.08, 2953, 62.8, 1.581, 3.082, 3.0573, 33.586
2023-01-23 07:13:00.07, 10.9, 18.8, 59, 1.04, 2918, 62.1, 1.580, 3.081, 3.0572, 33.586
2023-01-23 07:13:30.07, 10.8, 18.6, 61, 1.08, 2937, 62.5, 1.579, 3.078, 3.0575, 33.592
2023-01-23 07:14:00.07, 10.8, 18.6, 62, 1.11, 2852, 60.7, 1.576, 3.078, 3.0576, 33.593
2023-01-23 07:14:30.07, 11.0, 18.9, 63, 1.13, 2724, 57.9, 1.576, 3.078, 3.0577, 33.595
2023-01-23 07:15:00.07, 11.1, 19.1, 62, 1.11, 2984, 63.5, 1.576, 3.078, 3.0578, 33.596
2023-01-23 07:15:30.07, 11.1, 19.1, 60, 1.06, 2824, 60.1, 1.576, 3.078, 3.0579, 33.597
2023-01-23 07:16:00.07, 11.0, 19.0, 61, 1.08, 2673, 56.8, 1.576, 3.078, 3.0580, 33.599
2023-01-23 07:16:30.07, 11.1, 19.1, 59, 1.04, 2937, 62.5, 1.578, 3.076, 3.0580, 33.600
2023-01-23 07:17:00.07, 11.1, 19.1, 61, 1.08, 2845, 60.5, 1.579, 3.077, 3.0579, 33.599
2023-01-23 07:17:30.07, 11.1, 19.1, 59, 1.03, 2723, 57.9, 1.575, 3.077, 3.0569, 33.587
2023-01-23 07:18:00.07, 11.0, 19.0, 71, 1.35, 2841, 60.4, 1.574, 3.076, 3.0577, 33.596
2023-01-23 07:18:30.07, 11.1, 19.1, 61, 1.08, 2977, 63.3, 1.570, 3.075, 3.0574, 33.595
2023-01-23 07:19:00.07, 11.0, 19.0, 60, 1.06, 2732, 58.1, 1.567, 3.073, 3.0572, 33.594
2023-01-23 07:19:30.07, 11.0, 19.0, 56, 0.97, 2987, 63.5, 1.565, 3.071, 3.0569, 33.593
2023-01-23 07:20:00.07, 11.1, 19.1, 61, 1.08, 2625, 55.8, 1.565, 3.070, 3.0568, 33.593
2023-01-23 07:20:30.07, 11.1, 19.1, 60, 1.06, 2748, 58.4, 1.564, 3.070, 3.0569, 33.593
2023-01-23 07:21:00.07, 10.6, 18.3, 62, 1.11, 2557, 54.4, 1.563, 3.070, 3.0569, 33.594
2023-01-23 07:21:30.07, 11.0, 19.0, 63, 1.13, 2676, 56.9, 1.567, 3.071, 3.0570, 33.594
2023-01-23 07:22:00.07, 10.9, 18.8, 62, 1.11, 2574, 54.7, 1.571, 3.072, 3.0570, 33.593
2023-01-23 07:22:30.07, 10.9, 18.8, 61, 1.09, 2707, 57.6, 1.572, 3.074, 3.0570, 33.591
2023-01-23 07:23:00.07, 10.9, 18.8, 61, 1.09, 2851, 60.6, 1.580, 3.074, 3.0568, 33.588
2023-01-23 07:23:30.07, 10.8, 18.6, 58, 1.01, 2739, 58.3, 1.578, 3.075, 3.0566, 33.585
2023-01-23 07:24:00.07, 10.7, 18.5, 60, 1.06, 2811, 59.8, 1.583, 3.075, 3.0565, 33.584
2023-01-23 07:24:30.07, 11.0, 19.0, 63, 1.13, 2515, 53.5, 1.583, 3.069, 3.0560, 33.583
2023-01-23 07:25:00.07, 11.1, 19.1, 62, 1.11, 2595, 55.2, 1.587, 3.050, 3.0542, 33.582
2023-01-23 07:25:30.07, 11.0, 19.0, 66, 1.21, 2922, 62.1, 1.590, 3.034, 3.0529, 33.582
2023-01-23 07:26:00.07, 11.1, 19.1, 61, 1.09, 2831, 60.2, 1.592, 3.033, 3.0529, 33.584
2023-01-23 07:26:30.07, 11.0, 19.0, 68, 1.26, 2702, 57.5, 1.595, 3.040, 3.0537, 33.585
2023-01-23 07:27:00.07, 11.0, 18.9, 62, 1.11, 2979, 63.4, 1.598, 3.049, 3.0547, 33.589
2023-01-23 07:27:30.07, 11.0, 19.0, 61, 1.09, 2451, 52.1, 1.595, 3.055, 3.0555, 33.591
2023-01-23 07:28:00.07, 11.1, 19.1, 63, 1.14, 2524, 53.7, 1.600, 3.061, 3.0562, 33.595
2023-01-23 07:28:30.07, 11.0, 19.0, 65, 1.18, 2623, 55.8, 1.598, 3.065, 3.0569, 33.598
2023-01-23 07:29:00.07, 11.0, 19.0, 58, 1.02, 2783, 59.2, 1.606, 3.070, 3.0575, 33.601
2023-01-23 07:29:30.07, 11.0, 19.0, 64, 1.16, 2887, 61.4, 1.606, 3.074, 3.0581, 33.604
2023-01-23 07:30:00.07, 11.0, 19.0, 63, 1.14, 2748, 58.4, 1.609, 3.076, 3.0585, 33.607
2023-01-23 07:30:30.07, 11.0, 19.0, 63, 1.13, 2578, 54.8, 1.613, 3.079, 3.0589, 33.608
2023-01-23 07:31:00.07, 10.9, 18.8, 64, 1.16, 2377, 50.5, 1.612, 3.080, 3.0592, 33.610
2023-01-23 07:31:30.07, 11.0, 19.0, 61, 1.09, 2312, 49.1, 1.615, 3.082, 3.0594, 33.611
2023-01-23 07:32:00.07, 10.9, 18.8, 59, 1.04, 2591, 55.1, 1.622, 3.084, 3.0596, 33.612
2023-01-23 07:32:30.07, 10.9, 18.8, 63, 1.14, 2759, 58.7, 1.611, 3.085, 3.0599, 33.614
2023-01-23 07:33:00.07, 10.9, 18.8, 61, 1.09, 2592, 55.1, 1.610, 3.088, 3.0603, 33.616
2023-01-23 07:33:30.07, 10.9, 18.7, 67, 1.25, 2686, 57.1, 1.607, 3.090, 3.0606, 33.618
2023-01-23 07:34:00.07, 10.9, 18.8, 61, 1.09, 2728, 58.0, 1.608, 3.091, 3.0610, 33.621
2023-01-23 07:34:30.07, 11.2, 19.2, 65, 1.19, 2576, 54.8, 1.606, 3.093, 3.0613, 33.622
2023-01-23 07:35:00.07, 11.2, 19.2, 61, 1.08, 2442, 51.9, 1.605, 3.097, 3.0617, 33.624
2023-01-23 07:35:30.07, 11.1, 19.2, 63, 1.13, 2398, 51.0, 1.605, 3.099, 3.0621, 33.625
2023-01-23 07:36:00.07, 11.2, 19.2, 63, 1.14, 2274, 48.3, 1.601, 3.101, 3.0623, 33.626
2023-01-23 07:36:30.07, 11.1, 19.2, 58, 1.02, 2454, 52.2, 1.598, 3.103, 3.0623, 33.625
2023-01-23 07:37:00.07, 11.1, 19.2, 59, 1.04, 2435, 51.8, 1.601, 3.104, 3.0624, 33.625
2023-01-23 07:37:30.07, 11.1, 19.1, 61, 1.09, 2415, 51.3, 1.603, 3.105, 3.0624, 33.623
2023-01-23 07:38:00.07, 11.1, 19.2, 58, 1.01, 3054, 65.0, 1.596, 3.108, 3.0625, 33.622
2023-01-23 07:38:30.07, 11.1, 19.1, 66, 1.21, 2696, 57.3, 1.596, 3.109, 3.0625, 33.621
2023-01-23 07:39:00.07, 11.0, 19.0, 58, 1.01, 2955, 62.8, 1.605, 3.110, 3.0625, 33.620
2023-01-23 07:39:30.07, 11.1, 19.1, 63, 1.14, 2699, 57.4, 1.604, 3.111, 3.0624, 33.618
2023-01-23 07:40:00.07, 11.0, 19.0, 71, 1.35, 2494, 53.0, 1.601, 3.109, 3.0622, 33.617
2023-01-23 07:40:30.07, 11.0, 19.0, 59, 1.04, 2537, 53.9, 1.603, 3.107, 3.0619, 33.615
2023-01-23 07:41:00.07, 11.0, 19.0, 68, 1.26, 2595, 55.2, 1.603, 3.105, 3.0615, 33.613
2023-01-23 07:41:30.07, 11.0, 19.0, 63, 1.13, 3013, 64.1, 1.603, 3.104, 3.0613, 33.612
2023-01-23 07:42:00.07, 11.0, 19.0, 67, 1.25, 2800, 59.5, 1.602, 3.102, 3.0611, 33.611
2023-01-23 07:42:30.07, 10.9, 18.8, 63, 1.14, 2708, 57.6, 1.600, 3.101, 3.0610, 33.611
2023-01-23 07:43:00.07, 10.9, 18.8, 58, 1.01, 2641, 56.2, 1.599, 3.099, 3.0609, 33.612
2023-01-23 07:43:30.07, 10.9, 18.8, 73, 1.40, 2526, 53.7, 1.595, 3.098, 3.0608, 33.612
2023-01-23 07:44:00.07, 10.8, 18.7, 71, 1.33, 2774, 59.0, 1.592, 3.097, 3.0609, 33.614
2023-01-23 07:44:30.07, 11.1, 19.1, 68, 1.26, 2807, 59.7, 1.588, 3.098, 3.0610, 33.615
2023-01-23 07:45:00.07, 11.2, 19.3, 61, 1.09, 2758, 58.6, 1.585, 3.098, 3.0611, 33.615
2023-01-23 07:45:30.07, 11.2, 19.4, 61, 1.09, 2410, 51.2, 1.579, 3.099, 3.0612, 33.616
2023-01-23 07:46:00.07, 11.2, 19.2, 73, 1.38, 2495, 53.1, 1.575, 3.097, 3.0611, 33.616
2023-01-23 07:46:30.07, 11.2, 19.3, 62, 1.11, 2298, 48.8, 1.572, 3.097, 3.0609, 33.615
2023-01-23 07:47:00.07, 11.2, 19.2, 65, 1.18, 2846, 60.5, 1.570, 3.096, 3.0607, 33.613
2023-01-23 07:47:30.07, 11.2, 19.2, 60, 1.06, 2352, 50.0, 1.565, 3.094, 3.0604, 33.611
2023-01-23 07:48:00.07, 11.0, 19.0, 63, 1.13, 2449, 52.1, 1.564, 3.092, 3.0600, 33.608
2023-01-23 07:48:30.07, 11.1, 19.2, 58, 1.01, 2623, 55.8, 1.562, 3.090, 3.0596, 33.606
2023-01-23 07:49:00.07, 11.1, 19.1, 59, 1.04, 2484, 52.8, 1.562, 3.087, 3.0591, 33.603
2023-01-23 07:49:30.07, 11.1, 19.1, 62, 1.11, 2468, 52.5, 1.556, 3.084, 3.0586, 33.600
2023-01-23 07:50:00.07, 11.0, 19.0, 64, 1.16, 2294, 48.8, 1.556, 3.082, 3.0581, 33.596
2023-01-23 07:50:30.07, 11.0, 19.0, 58, 1.01, 2395, 50.9, 1.554, 3.079, 3.0576, 33.593
2023-01-23 07:51:00.07, 11.1, 19.1, 62, 1.11, 2393, 50.9, 1.557, 3.077, 3.0572, 33.590
2023-01-23 07:51:30.07, 10.9, 18.8, 60, 1.06, 2541, 54.0, 1.552, 3.076, 3.0568, 33.587
2023-01-23 07:52:00.07, 11.0, 19.0, 58, 1.01, 2269, 48.2, 1.554, 3.074, 3.0565, 33.584
2023-01-23 07:52:30.07, 11.0, 18.9, 62, 1.11, 2568, 54.6, 1.554, 3.074, 3.0562, 33.581
2023-01-23 07:53:00.07, 10.9, 18.8, 60, 1.06, 2676, 56.9, 1.557, 3.072, 3.0559, 33.579
2023-01-23 07:53:30.07, 10.9, 18.7, 62, 1.11, 2379, 50.6, 1.557, 3.071, 3.0556, 33.577
2023-01-23 07:54:00.07, 11.1, 19.2, 67, 1.23, 2294, 48.8, 1.559, 3.071, 3.0554, 33.574
2023-01-23 07:54:30.07, 11.2, 19.3, 60, 1.06, 2376, 50.5, 1.561, 3.069, 3.0551, 33.573
2023-01-23 07:55:00.07, 11.1, 19.1, 56, 0.97, 2715, 57.7, 1.562, 3.066, 3.0548, 33.573
2023-01-23 07:55:30.07, 11.2, 19.2, 59, 1.04, 2513, 53.4, 1.564, 3.064, 3.0546, 33.571
2023-01-23 07:56:00.07, 11.1, 19.1, 60, 1.06, 2804, 59.6, 1.567, 3.063, 3.0544, 33.571
2023-01-23 07:56:30.07, 11.2, 19.3, 61, 1.09, 2848, 60.6, 1.571, 3.063, 3.0544, 33.571
2023-01-23 07:57:00.07, 11.2, 19.3, 59, 1.03, 2110, 44.8, 1.570, 3.061, 3.0543, 33.572
2023-01-23 07:57:30.07, 11.1, 19.2, 71, 1.35, 2147, 45.6, 1.574, 3.061, 3.0541, 33.569
2023-01-23 07:58:00.07, 11.2, 19.2, 63, 1.14, 2570, 54.6, 1.574, 3.059, 3.0544, 33.574
2023-01-23 07:58:30.07, 11.1, 19.2, 71, 1.35, 2832, 60.2, 1.575, 3.060, 3.0547, 33.576
2023-01-23 07:59:00.07, 11.1, 19.1, 59, 1.04, 2607, 55.4, 1.577, 3.061, 3.0548, 33.578
2023-01-23 07:59:30.07, 11.1, 19.1, 69, 1.30, 2779, 59.1, 1.581, 3.062, 3.0550, 33.579
2023-01-23 08:00:00.07, 11.1, 19.1, 58, 1.01, 2529, 53.8, 1.579, 3.062, 3.0552, 33.581
2023-01-23 08:00:30.07, 11.1, 19.1, 61, 1.08, 2977, 63.3, 1.582, 3.062, 3.0553, 33.583
2023-01-23 08:01:00.07, 11.0, 19.0, 58, 1.02, 2334, 49.6, 1.580, 3.063, 3.0555, 33.584
2023-01-23 08:01:30.07, 11.0, 19.0, 58, 1.01, 2953, 62.8, 1.582, 3.063, 3.0557, 33.586
2023-01-23 08:02:00.07, 11.0, 19.0, 71, 1.33, 2321, 49.3, 1.580, 3.064, 3.0559, 33.587
2023-01-23 08:02:30.07, 11.0, 18.9, 61, 1.08, 3034, 64.5, 1.579, 3.066, 3.0561, 33.588
2023-01-23 08:03:00.07, 11.0, 18.9, 61, 1.08, 2808, 59.7, 1.580, 3.066, 3.0563, 33.590
2023-01-23 08:03:30.07, 11.0, 18.9, 58, 1.01, 2946, 62.7, 1.582, 3.068, 3.0565, 33.591
2023-01-23 08:04:00.07, 11.2, 19.3, 58, 1.01, 2886, 61.4, 1.580, 3.069, 3.0567, 33.592
2023-01-23 08:04:30.07, 11.2, 19.3, 63, 1.13, 2840, 60.4, 1.580, 3.070, 3.0569, 33.593
2023-01-23 08:05:00.07, 11.2, 19.3, 64, 1.16, 3133, 66.6, 1.581, 3.072, 3.0571, 33.594
2023-01-23 08:05:30.07, 11.2, 19.2, 57, 0.99, 3059, 65.1, 1.580, 3.073, 3.0572, 33.594
2023-01-23 08:06:00.07, 11.2, 19.4, 67, 1.23, 2979, 63.4, 1.579, 3.075, 3.0573, 33.594
2023-01-23 08:06:30.07, 11.2, 19.3, 62, 1.11, 2480, 52.7, 1.580, 3.076, 3.0575, 33.594
2023-01-23 08:07:00.07, 11.2, 19.3, 61, 1.08, 2710, 57.6, 1.580, 3.078, 3.0576, 33.594
2023-01-23 08:07:30.07, 11.2, 19.2, 63, 1.13, 2613, 55.6, 1.579, 3.079, 3.0577, 33.594
2023-01-23 08:08:00.07, 11.2, 19.2, 59, 1.04, 2726, 58.0, 1.582, 3.081, 3.0579, 33.594
2023-01-23 08:08:30.07, 11.1, 19.2, 65, 1.19, 2924, 62.2, 1.582, 3.084, 3.0581, 33.594
2023-01-23 08:09:00.07, 11.1, 19.1, 59, 1.04, 2756, 58.6, 1.584, 3.086, 3.0583, 33.594
2023-01-23 08:09:30.07, 11.1, 19.1, 61, 1.09, 2564, 54.5, 1.580, 3.086, 3.0583, 33.593
2023-01-23 08:10:00.07, 11.1, 19.1, 59, 1.04, 2868, 61.0, 1.585, 3.086, 3.0583, 33.594
2023-01-23 08:10:30.07, 11.1, 19.1, 58, 1.01, 2478, 52.7, 1.583, 3.085, 3.0582, 33.593
2023-01-23 08:11:00.07, 11.1, 19.1, 60, 1.06, 2535, 53.9, 1.584, 3.084, 3.0581, 33.593
2023-01-23 08:11:30.07, 11.0, 19.0, 63, 1.14, 2720, 57.8, 1.582, 3.083, 3.0580, 33.593
2023-01-23 08:12:00.07, 10.9, 18.8, 68, 1.26, 2429, 51.6, 1.587, 3.082, 3.0579, 33.593
2023-01-23 08:12:30.07, 11.0, 18.9, 59, 1.04, 2421, 51.5, 1.585, 3.081, 3.0578, 33.593
2023-01-23 08:13:00.07, 11.1, 19.1, 69, 1.28, 2457, 52.2, 1.586, 3.080, 3.0577, 33.593
2023-01-23 08:13:30.07, 11.1, 19.2, 71, 1.35, 2455, 52.2, 1.584, 3.079, 3.0577, 33.594
2023-01-23 08:14:00.07, 11.2, 19.2, 59, 1.04, 2564, 54.5, 1.587, 3.078, 3.0577, 33.594
2023-01-23 08:14:30.07, 11.4, 19.7, 63, 1.14, 2449, 52.1, 1.578, 3.078, 3.0577, 33.594
2023-01-23 08:15:00.07, 12.3, 21.2, 60, 1.06, 2479, 52.7, 1.576, 3.078, 3.0577, 33.595
2023-01-23 08:15:30.07, 12.4, 21.3, 65, 1.18, 2425, 51.5, 1.578, 3.077, 3.0576, 33.595
2023-01-23 08:16:00.07, 12.6, 21.7, 62, 1.11, 2516, 53.5, 1.577, 3.070, 3.0570, 33.595
2023-01-23 08:16:30.07, 12.5, 21.6, 63, 1.14, 2661, 56.6, 1.594, 3.061, 3.0562, 33.595
2023-01-23 08:17:00.07, 12.5, 21.5, 68, 1.26, 2406, 51.2, 1.579, 3.053, 3.0556, 33.595
2023-01-23 08:17:30.07, 12.6, 21.7, 59, 1.03, 2483, 52.8, 1.585, 3.046, 3.0549, 33.595
2023-01-23 08:18:00.07, 12.5, 21.6, 75, 1.45, 2562, 54.5, 1.587, 3.036, 3.0541, 33.594
2023-01-23 08:18:30.07, 12.4, 21.4, 62, 1.11, 2383, 50.7, 1.601, 3.018, 3.0525, 33.593
2023-01-23 08:19:00.07, 12.5, 21.6, 63, 1.13, 2459, 52.3, 1.609, 2.993, 3.0503, 33.594
2023-01-23 08:19:30.07, 12.5, 21.5, 59, 1.04, 2374, 50.5, 1.572, 2.976, 3.0489, 33.593
2023-01-23 08:20:00.07, 12.6, 21.8, 59, 1.04, 2271, 48.3, 1.581, 2.977, 3.0489, 33.593
2023-01-23 08:20:30.07, 12.6, 21.8, 68, 1.26, 2389, 50.8, 1.585, 2.986, 3.0496, 33.592
2023-01-23 08:21:00.07, 12.7, 21.8, 73, 1.38, 2372, 50.4, 1.580, 2.998, 3.0505, 33.591
2023-01-23 08:21:30.07, 12.7, 21.8, 69, 1.30, 2610, 55.5, 1.575, 3.005, 3.0500, 33.577
2023-01-23 08:22:00.07, 12.6, 21.7, 61, 1.09, 2409, 51.2, 1.577, 3.008, 3.0512, 33.589
2023-01-23 08:22:30.07, 12.6, 21.8, 69, 1.30, 2209, 47.0, 1.584, 3.007, 3.0511, 33.589
2023-01-23 08:23:00.07, 12.6, 21.7, 71, 1.35, 2471, 52.5, 1.575, 3.006, 3.0510, 33.588
2023-01-23 08:23:30.07, 12.6, 21.7, 59, 1.03, 2657, 56.5, 1.572, 3.006, 3.0509, 33.588
2023-01-23 08:24:00.07, 12.6, 21.7, 65, 1.19, 2505, 53.3, 1.572, 3.004, 3.0507, 33.587
2023-01-23 08:24:30.07, 12.6, 21.7, 57, 0.99, 2172, 46.2, 1.571, 3.002, 3.0505, 33.587
2023-01-23 08:25:00.07, 12.5, 21.6, 59, 1.04, 2221, 47.2, 1.566, 3.000, 3.0502, 33.586
2023-01-23 08:25:30.07, 12.6, 21.7, 63, 1.13, 2298, 48.9, 1.570, 2.997, 3.0500, 33.586
2023-01-23 08:26:00.07, 12.5, 21.6, 61, 1.08, 2484, 52.8, 1.582, 2.996, 3.0499, 33.585
2023-01-23 08:26:30.07, 12.7, 21.9, 62, 1.11, 2642, 56.2, 1.569, 2.994, 3.0495, 33.583
2023-01-23 08:27:00.07, 12.8, 22.0, 59, 1.04, 2258, 48.0, 1.571, 2.992, 3.0495, 33.585
2023-01-23 08:27:30.07, 12.7, 21.9, 68, 1.26, 2802, 59.6, 1.566, 2.990, 3.0493, 33.584
2023-01-23 08:28:00.07, 12.7, 21.9, 59, 1.04, 3005, 63.9, 1.566, 2.988, 3.0491, 33.584
2023-01-23 08:28:30.07, 12.7, 21.8, 73, 1.38, 2561, 54.5, 1.572, 2.987, 3.0490, 33.583
2023-01-23 08:29:00.07, 12.6, 21.8, 61, 1.09, 2233, 47.5, 1.565, 2.985, 3.0488, 33.583
2023-01-23 08:29:30.07, 12.6, 21.7, 61, 1.09, 2402, 51.1, 1.572, 2.985, 3.0487, 33.583
2023-01-23 08:30:00.07, 12.6, 21.8, 59, 1.04, 2520, 53.6, 1.589, 2.984, 3.0486, 33.582
2023-01-23 08:30:30.07, 12.7, 21.8, 61, 1.09, 2615, 55.6, 1.581, 2.983, 3.0485, 33.582
2023-01-23 08:31:00.07, 12.7, 21.8, 60, 1.06, 2273, 48.3, 1.573, 2.981, 3.0482, 33.581
2023-01-23 08:31:30.07, 12.5, 21.6, 61, 1.09, 2676, 56.9, 1.565, 2.981, 3.0482, 33.581
2023-01-23 08:32:00.07, 12.4, 21.4, 60, 1.06, 2445, 52.0, 1.564, 2.981, 3.0482, 33.581
2023-01-23 08:32:30.07, 12.5, 21.5, 61, 1.08, 2411, 51.3, 1.566, 2.980, 3.0481, 33.581
2023-01-23 08:33:00.07, 12.7, 21.8, 60, 1.06, 2486, 52.8, 1.573, 2.980, 3.0482, 33.581
2023-01-23 08:33:30.07, 12.7, 21.9, 65, 1.18, 2528, 53.8, 1.574, 2.980, 3.0482, 33.582
2023-01-23 08:34:00.07, 12.8, 22.0, 63, 1.13, 2279, 48.5, 1.573, 2.980, 3.0482, 33.582
2023-01-23 08:34:30.07, 12.7, 21.9, 61, 1.09, 2507, 53.3, 1.575, 2.981, 3.0484, 33.582
2023-01-23 08:35:00.07, 12.7, 21.9, 58, 1.01, 2459, 52.3, 1.578, 2.980, 3.0482, 33.582
2023-01-23 08:35:30.07, 12.7, 21.9, 59, 1.04, 2267, 48.2, 1.588, 2.968, 3.0472, 33.582
2023-01-23 08:36:00.07, 12.7, 21.9, 59, 1.04, 2353, 50.0, 1.582, 2.949, 3.0456, 33.583
2023-01-23 08:36:30.07, 12.8, 22.0, 65, 1.19, 2769, 58.9, 1.588, 2.935, 3.0445, 33.584
2023-01-23 08:37:00.07, 12.7, 21.9, 60, 1.06, 2395, 50.9, 1.582, 2.938, 3.0448, 33.584
2023-01-23 08:37:30.07, 12.7, 21.8, 67, 1.25, 2120, 45.0, 1.585, 2.951, 3.0459, 33.584
2023-01-23 08:38:00.07, 12.7, 21.8, 59, 1.03, 2634, 56.0, 1.586, 2.963, 3.0470, 33.584
2023-01-23 08:38:30.07, 12.6, 21.8, 59, 1.03, 2431, 51.7, 1.575, 2.973, 3.0478, 33.585
2023-01-23 08:39:00.07, 12.8, 22.0, 62, 1.11, 2402, 51.1, 1.574, 2.979, 3.0484, 33.584
2023-01-23 08:39:30.07, 12.8, 22.1, 65, 1.19, 2280, 48.5, 1.572, 2.983, 3.0487, 33.585
2023-01-23 08:40:00.07, 12.8, 22.1, 59, 1.03, 2406, 51.2, 1.576, 2.985, 3.0489, 33.585
2023-01-23 08:40:30.07, 12.8, 22.1, 68, 1.26, 2703, 57.5, 1.572, 2.986, 3.0490, 33.585
2023-01-23 08:41:00.07, 12.7, 21.9, 65, 1.19, 2103, 44.7, 1.575, 2.986, 3.0490, 33.585
2023-01-23 08:41:30.07, 12.8, 22.0, 61, 1.08, 2227, 47.3, 1.596, 2.987, 3.0490, 33.584
2023-01-23 08:42:00.07, 12.7, 21.9, 58, 1.01, 2425, 51.5, 1.574, 2.987, 3.0490, 33.584
2023-01-23 08:42:30.07, 12.7, 21.9, 59, 1.04, 2834, 60.3, 1.574, 2.986, 3.0489, 33.583
2023-01-23 08:43:00.07, 12.7, 21.8, 62, 1.11, 2254, 47.9, 1.570, 2.987, 3.0489, 33.583
2023-01-23 08:43:30.07, 12.7, 21.8, 57, 0.99, 2034, 43.2, 1.570, 2.987, 3.0489, 33.583
2023-01-23 08:44:00.07, 12.6, 21.8, 56, 0.97, 2089, 44.4, 1.570, 2.988, 3.0490, 33.583
2023-01-23 08:44:30.07, 12.6, 21.7, 62, 1.11, 2197, 46.7, 1.572, 2.987, 3.0489, 33.582
2023-01-23 08:45:00.07, 12.6, 21.7, 58, 1.02, 2690, 57.2, 1.572, 2.987, 3.0489, 33.583
2023-01-23 08:45:30.07, 12.6, 21.7, 59, 1.03, 2480, 52.7, 1.572, 2.986, 3.0487, 33.582
2023-01-23 08:46:00.07, 12.6, 21.8, 63, 1.13, 2132, 45.3, 1.572, 2.984, 3.0486, 33.582
2023-01-23 08:46:30.07, 12.8, 22.0, 59, 1.04, 2249, 47.8, 1.573, 2.985, 3.0486, 33.582
2023-01-23 08:47:00.07, 12.7, 21.9, 58, 1.01, 2168, 46.1, 1.572, 2.984, 3.0486, 33.582
2023-01-23 08:47:30.07, 12.7, 21.9, 58, 1.02, 2254, 47.9, 1.567, 2.983, 3.0485, 33.582
2023-01-23 08:48:00.07, 12.7, 21.8, 61, 1.08, 2568, 54.6, 1.580, 2.983, 3.0485, 33.582
2023-01-23 08:48:30.07, 12.6, 21.8, 71, 1.33, 2301, 48.9, 1.571, 2.984, 3.0485, 33.582
2023-01-23 08:49:00.07, 12.7, 21.9, 58, 1.01, 2351, 50.0, 1.574, 2.984, 3.0485, 33.582
2023-01-23 08:49:30.07, 12.6, 21.7, 61, 1.08, 2657, 56.5, 1.573, 2.984, 3.0485, 33.581
2023-01-23 08:50:00.07, 12.6, 21.7, 61, 1.08, 2581, 54.9, 1.572, 2.986, 3.0487, 33.581
2023-01-23 08:50:30.07, 12.6, 21.7, 59, 1.04, 2524, 53.7, 1.571, 2.988, 3.0489, 33.581
2023-01-23 08:51:00.07, 12.6, 21.8, 60, 1.06, 2640, 56.1, 1.581, 2.988, 3.0489, 33.582
2023-01-23 08:51:30.07, 12.6, 21.7, 58, 1.01, 2549, 54.2, 1.574, 2.986, 3.0487, 33.581
2023-01-23 08:52:00.07, 12.6, 21.7, 63, 1.14, 2335, 49.6, 1.570, 2.985, 3.0486, 33.582
2023-01-23 08:52:30.07, 12.7, 21.8, 69, 1.28, 2490, 52.9, 1.570, 2.985, 3.0486, 33.581
2023-01-23 08:53:00.07, 12.7, 21.9, 63, 1.13, 2485, 52.8, 1.570, 2.984, 3.0485, 33.581
2023-01-23 08:53:30.07, 12.7, 21.9, 60, 1.06, 2305, 49.0, 1.571, 2.983, 3.0484, 33.581
2023-01-23 08:54:00.07, 12.6, 21.8, 58, 1.01, 2421, 51.5, 1.570, 2.979, 3.0482, 33.582
2023-01-23 08:54:30.07, 12.7, 21.9, 59, 1.04, 2791, 59.4, 1.594, 2.978, 3.0480, 33.581
2023-01-23 08:55:00.07, 12.7, 21.9, 67, 1.25, 2598, 55.2, 1.581, 2.977, 3.0479, 33.581
2023-01-23 08:55:30.07, 12.7, 21.9, 62, 1.11, 2425, 51.6, 1.573, 2.976, 3.0477, 33.580
2023-01-23 08:56:00.07, 12.4, 21.3, 57, 0.99, 2464, 52.4, 1.569, 2.974, 3.0474, 33.577
2023-01-23 08:56:30.07, 12.3, 21.1, 58, 1.01, 2480, 52.7, 1.572, 2.973, 3.0473, 33.578
2023-01-23 08:57:00.07, 12.4, 21.3, 62, 1.11, 2354, 50.0, 1.571, 2.971, 3.0471, 33.577
2023-01-23 08:57:30.07, 12.3, 21.1, 73, 1.38, 2433, 51.7, 1.568, 2.970, 3.0470, 33.577
2023-01-23 08:58:00.07, 12.3, 21.1, 63, 1.13, 2334, 49.6, 1.568, 2.969, 3.0469, 33.577
2023-01-23 08:58:30.07, 12.4, 21.3, 57, 0.99, 2419, 51.4, 1.568, 2.968, 3.0467, 33.576
2023-01-23 08:59:00.07, 12.5, 21.5, 58, 1.01, 2322, 49.4, 1.571, 2.966, 3.0465, 33.576
2023-01-23 08:59:30.07, 12.5, 21.6, 63, 1.14, 2547, 54.2, 1.572, 2.955, 3.0455, 33.575
2023-01-23 09:00:00.07, 12.6, 21.8, 69, 1.30, 2136, 45.4, 1.572, 2.941, 3.0443, 33.575
2023-01-23 09:00:30.07, 12.6, 21.7, 69, 1.28, 2409, 51.2, 1.573, 2.940, 3.0443, 33.576
2023-01-23 09:01:00.07, 12.6, 21.8, 62, 1.11, 2467, 52.5, 1.573, 2.941, 3.0444, 33.576
2023-01-23 09:01:30.07, 12.7, 21.8, 63, 1.13, 2484, 52.8, 1.573, 2.928, 3.0433, 33.576
2023-01-23 09:02:00.07, 12.7, 21.8, 63, 1.13, 2218, 47.1, 1.573, 2.912, 3.0426, 33.585
2023-01-23 09:02:30.07, 12.6, 21.8, 58, 1.02, 2411, 51.3, 1.575, 2.905, 3.0421, 33.586
2023-01-23 09:03:00.07, 12.6, 21.7, 65, 1.18, 2248, 47.8, 1.573, 2.912, 3.0428, 33.586
2023-01-23 09:03:30.07, 12.6, 21.8, 61, 1.08, 2528, 53.8, 1.576, 2.925, 3.0439, 33.586
2023-01-23 09:04:00.07, 13.1, 22.6, 62, 1.11, 2588, 55.0, 1.575, 2.937, 3.0449, 33.585
2023-01-23 09:04:30.07, 12.8, 22.1, 59, 1.04, 2455, 52.2, 1.577, 2.946, 3.0457, 33.586
2023-01-23 09:05:00.07, 12.6, 21.7, 65, 1.19, 2279, 48.4, 1.578, 2.952, 3.0462, 33.586
2023-01-23 09:05:30.07, 12.6, 21.7, 65, 1.18, 2763, 58.8, 1.581, 2.957, 3.0466, 33.586
2023-01-23 09:06:00.07, 12.6, 21.7, 63, 1.14, 2329, 49.5, 1.584, 2.963, 3.0470, 33.585
2023-01-23 09:06:30.07, 12.3, 21.1, 61, 1.09, 2196, 46.7, 1.579, 2.967, 3.0474, 33.586
2023-01-23 09:07:00.07, 12.8, 22.0, 61, 1.09, 1793, 38.1, 1.583, 2.970, 3.0478, 33.586
2023-01-23 09:07:30.07, 12.7, 21.9, 65, 1.18, 2433, 51.7, 1.584, 2.973, 3.0481, 33.587
2023-01-23 09:08:00.07, 12.7, 21.9, 61, 1.08, 2148, 45.7, 1.589, 2.975, 3.0483, 33.588
2023-01-23 09:08:30.07, 12.7, 21.9, 69, 1.30, 2791, 59.3, 1.583, 2.977, 3.0486, 33.589
2023-01-23 09:09:00.07, 12.7, 21.9, 61, 1.09, 2460, 52.3, 1.588, 2.978, 3.0488, 33.591
2023-01-23 09:09:30.07, 12.7, 21.8, 63, 1.14, 2043, 43.4, 1.585, 2.979, 3.0489, 33.591
2023-01-23 09:10:00.07, 12.7, 21.8, 59, 1.04, 2364, 50.2, 1.588, 2.964, 3.0477, 33.592
2023-01-23 09:10:30.07, 12.7, 21.9, 59, 1.04, 2568, 54.6, 1.588, 2.936, 3.0455, 33.594
2023-01-23 09:11:00.07, 12.6, 21.8, 63, 1.14, 2724, 57.9, 1.589, 2.931, 3.0451, 33.595
2023-01-23 09:11:30.07, 12.6, 21.8, 60, 1.06, 2482, 52.8, 1.589, 2.941, 3.0461, 33.596
2023-01-23 09:12:00.07, 12.7, 21.9, 63, 1.14, 2297, 48.8, 1.590, 2.953, 3.0471, 33.596
2023-01-23 09:12:30.07, 12.8, 22.1, 67, 1.25, 2184, 46.4, 1.591, 2.961, 3.0479, 33.597
2023-01-23 09:13:00.07, 12.8, 22.1, 61, 1.09, 2530, 53.8, 1.587, 2.967, 3.0485, 33.598
2023-01-23 09:13:30.07, 12.8, 22.0, 63, 1.14, 2434, 51.7, 1.589, 2.971, 3.0488, 33.598
2023-01-23 09:14:00.07, 12.8, 22.0, 65, 1.18, 2462, 52.3, 1.587, 2.974, 3.0491, 33.598
2023-01-23 09:14:30.07, 12.8, 22.0, 65, 1.18, 1977, 42.0, 1.587, 2.975, 3.0492, 33.598
2023-01-23 09:15:00.07, 12.7, 21.9, 63, 1.13, 2275, 48.4, 1.586, 2.977, 3.0493, 33.598
2023-01-23 09:15:30.07, 12.7, 21.9, 66, 1.21, 2240, 47.6, 1.586, 2.978, 3.0494, 33.598
2023-01-23 09:16:00.07, 12.7, 21.9, 61, 1.09, 2351, 50.0, 1.585, 2.979, 3.0495, 33.599
2023-01-23 09:16:30.07, 12.7, 21.8, 56, 0.96, 2357, 50.1, 1.583, 2.980, 3.0496, 33.599
2023-01-23 09:17:00.07, 12.7, 21.9, 62, 1.11, 2652, 56.4, 1.583, 2.980, 3.0496, 33.598
2023-01-23 09:17:30.07, 12.7, 21.8, 67, 1.23, 2473, 52.6, 1.584, 2.980, 3.0496, 33.598
2023-01-23 09:18:00.07, 12.7, 21.8, 66, 1.21, 2833, 60.3, 1.583, 2.981, 3.0496, 33.598
2023-01-23 09:18:30.07, 12.8, 22.1, 58, 1.02, 2194, 46.6, 1.585, 2.980, 3.0495, 33.597
2023-01-23 09:19:00.07, 12.8, 22.1, 73, 1.38, 2628, 55.9, 1.587, 2.980, 3.0495, 33.596
2023-01-23 09:19:30.07, 12.7, 21.9, 61, 1.08, 2511, 53.4, 1.587, 2.980, 3.0493, 33.596
2023-01-23 09:20:00.07, 12.8, 22.0, 63, 1.13, 2081, 44.2, 1.589, 2.980, 3.0493, 33.595
2023-01-23 09:20:30.07, 12.7, 21.9, 60, 1.06, 2741, 58.3, 1.589, 2.981, 3.0493, 33.594
2023-01-23 09:21:00.07, 12.8, 22.1, 63, 1.14, 2252, 47.9, 1.589, 2.983, 3.0494, 33.593
2023-01-23 09:21:30.07, 12.7, 21.9, 63, 1.14, 2373, 50.4, 1.589, 2.984, 3.0495, 33.594
2023-01-23 09:22:00.07, 12.7, 21.9, 67, 1.25, 2437, 51.8, 1.590, 2.986, 3.0498, 33.594
2023-01-23 09:22:30.07, 12.7, 21.9, 61, 1.08, 2330, 49.5, 1.585, 2.989, 3.0500, 33.595
2023-01-23 09:23:00.07, 12.5, 21.6, 58, 1.02, 2705, 57.5, 1.584, 2.991, 3.0503, 33.596
2023-01-23 09:23:30.07, 12.5, 21.6, 59, 1.04, 2663, 56.6, 1.585, 2.991, 3.0503, 33.597
2023-01-23 09:24:00.07, 12.6, 21.7, 59, 1.03, 2498, 53.1, 1.589, 2.990, 3.0503, 33.597
2023-01-23 09:24:30.07, 12.6, 21.8, 67, 1.23, 2161, 45.9, 1.590, 2.991, 3.0504, 33.597
2023-01-23 09:25:00.07, 12.8, 22.1, 59, 1.03, 2594, 55.1, 1.591, 2.992, 3.0506, 33.598
2023-01-23 09:25:30.07, 12.7, 21.9, 58, 1.01, 2307, 49.0, 1.591, 2.992, 3.0506, 33.598
2023-01-23 09:26:00.07, 12.8, 22.0, 60, 1.06, 2343, 49.8, 1.591, 2.990, 3.0504, 33.598
2023-01-23 09:26:30.07, 12.8, 22.0, 66, 1.21, 2455, 52.2, 1.591, 2.979, 3.0494, 33.597
2023-01-23 09:27:00.07, 12.7, 21.9, 63, 1.14, 2798, 59.5, 1.590, 2.959, 3.0477, 33.598
